2032 3162
229 127 272 172 X
909 124 1249 169 PRAEFATIO

234 268 355 328 150,
390 268 511 326 192,
544 266 673 327 235,
714 264 843 312 Sam.
881 265 1001 325 151,
1035 258 1181 330 270),
1213 264 1379 326 plures
1411 265 1604 313 addidit
1635 269 1914 316 atramento

230 341 401 404 paullo
440 339 701 402 pallidiore
741 341 1008 399 corrector,
1051 339 1139 400 qui
1175 339 1228 386 in
1268 338 1490 388 versibus
1529 339 1914 390 Periciromenes

232 415 449 463 258—2
457 415 526 462 80
544 412 773 461 omnibus
796 413 898 459 fere
915 412 1077 461 verbis
1095 414 1327 460 accentus
1349 414 1652 475 spiritusque
1676 414 1915 477 adpinxit.

231 488 328 537 Sed
359 491 567 550 uterque
598 487 691 535 hoc
721 501 923 535 munere
955 486 1076 535 satis
1108 486 1450 548 imprudenter
1472 487 1670 536 functus
1696 490 1785 549 est,
1816 504 1917 537 non

230 563 392 612 solum
430 576 633 626 gravem
670 576 760 622 pro
793 562 938 608 acuto
972 554 1111 626 (Her.
1145 576 1249 623 arg.
1285 563 1374 621 113
1405 561 1497 623 Ep.
1528 559 1674 624 116),
1713 564 1917 610 acutum

230 653 320 699 pro
345 634 652 684 circumflexo
671 627 788 699 (Ep.
809 636 855 695 9,
877 626 984 700 16),
1010 634 1375 682 circumflexum
1399 651 1489 698 pro
1515 637 1660 684 acuto
1687 629 1801 703 (Ep.
1822 631 1915 703 33)

232 711 454 774 legimus,
487 724 659 757 verum
691 708 844 755 etiam
875 707 1023 755 multi
1055 710 1283 756 accentus
1314 724 1413 756 non
1443 709 1697 758 vocalibus
1729 709 1815 758 sed
1846 709 1916 758 eis
2007 771 2014 775 „

230 800 361 846 quae
385 784 659 845 sequuntur
683 782 1066 830 consonantibus
1092 782 1411 844 superscripti
1437 786 1554 831 sunt
1577 777 1692 850 (Ep.
1721 784 1804 845 51,
1833 786 1916 845 71,

229 858 337 906 Per.
372 858 493 918 262,
528 857 649 916 263,
683 856 806 917 264,
841 858 961 917 273,
997 858 1118 917 274,
1153 858 1274 917 277,
1309 850 1456 920 279).

304 930 722 993 Interpunctionis
744 932 894 978 notae
918 930 1041 978 satis
1065 931 1351 992 frequentes
1375 933 1506 993 sunt,
1530 933 1728 992 praeter
1759 928 1916 993 μεέην

230 1021 381 1068 quam
412 1005 583 1052 dicunt
614 1003 912 1052 adhibentur
941 1004 1137 1066 saepius
1161 1006 1347 1066 puncta
1378 1005 1629 1069 geminata
1652 1006 1716 1052 ad
1738 1006 1917 1055 fortius

231 1079 647 1142 distinguendum.
712 1078 913 1127 Eisdem
958 1079 1170 1141 punctis,
1213 1078 1394 1140 quibus
1438 1078 1641 1127 additur
1681 1095 1918 1144 paragra-

229 1154 357 1216 phus
387 1154 695 1215 inmargine
728 1153 929 1201 sinistro
946 1154 1114 1200 versui
1137 1152 1775 1215 subscripta,'personarum
1806 1170 1919 1201 mu-

230 1227 446 1276 tationes
478 1227 752 1289 signantur.

305 1301 568 1349 Praeterea
600 1300 761 1348 scriba
798 1299 1105 1364 marginibus
1144 1316 1467 1362 personarum
1507 1301 1709 1349 nomina
1749 1301 1917 1350 abbre-

230 1376 367 1424 viata
399 1375 663 1435 adscripsit
672 1368 731 1440 1),
764 1375 850 1423 sed
879 1375 1011 1422 hunc
1033 1374 1256 1423 laborem
1278 1376 1438 1438 magis
1461 1376 1719 1437 magisque
1743 1374 1918 1424 defati-

231 1452 376 1513 gatus
408 1449 641 1512 neglexit.
706 1448 1016 1510 Quamquam
1047 1447 1270 1497 dolemus
1316 1465 1426 1496 eum
1458 1465 1556 1497 non
1601 1449 1772 1497 eadem
1802 1465 1920 1498 cura

230 1540 319 1586 per
333 1525 497 1571 totum
512 1522 695 1570 librum
712 1539 858 1571 usum
883 1538 1000 1584 esse,
1025 1523 1190 1570 tamen
1211 1523 1554 1584 percommode
1572 1523 1766 1585 accidit,
1785 1523 1918 1585 quod

232 1614 290 1645 ex
323 1599 424 1645 eius
448 1596 755 1660 negligentia
778 1597 1023 1659 paulatim
1049 1598 1294 1645 crescente
1328 1612 1619 1660 cognoscere
1644 1613 1919 1658 possumus,

232 1688 378 1733 quem
411 1671 633 1719 ordinem
665 1671 890 1734 singulae
923 1670 1124 1718 fabulae
1155 1670 1209 1717 in
1234 1670 1399 1719 codice
1425 1670 1690 1719 tenuerint.
1720 1670 1921 1719 Habent

233 1747 362 1792 enim
408 1746 474 1793 52
508 1760 678 1793 versus
709 1744 888 1792 Herois
937 1746 1001 1793 13
1035 1746 1180 1793 notas
1222 1760 1558 1806 personarum,
1605 1745 1707 1793 591
1751 1760 1919 1793 versus

230 1819 615 1881 Epitrepontum
642 1820 725 1881 25,
753 1820 860 1866 324
893 1834 1060 1867 versus
1093 1818 1478 1867 Periciromenes
1507 1820 1590 1879 10,
1617 1820 1720 1866 341
1749 1834 1919 1867 versus

233 1892 429 1940 Samiae
466 1896 511 1954 1,
561 1894 628 1940 59
662 1907 832 1940 versus
875 1892 1074 1940 fabulae
1117 1894 1334 1941 incertae
1382 1896 1433 1952 1,
1477 1893 1530 1957 in
1561 1892 1724 1940 Heroe
1765 1893 1922 1957 igitur

232 1969 410 2029 quarto
443 1969 621 2029 cuique
660 1968 827 2015 versui
864 1982 1102 2028 personae
1141 1969 1261 2014 nota
1301 1967 1471 2015 addita
1511 1969 1598 2027 est,
1640 1968 1693 2013 in
1724 1966 1920 2028 Epitre-

231 2041 465 2103 pontibus
508 2042 609 2088 fere
649 2041 881 2089 vicesimo
928 2040 1099 2102 tertio,
1155 2041 1207 2087 in
1263 2040 1621 2088 Periciromene
1668 2040 1919 2089 tricesimo

231 2115 459 2175 secundo,
506 2116 558 2161 in
607 2114 775 2162 Samia
822 2115 1166 2162 trecentesimo
1216 2114 1608 2177 quadragesimo,
1656 2114 1710 2161 in
1743 2115 1921 2176 quinta

233 2188 403 2236 fabula
434 2188 885 2252 undesexagesimo.
950 2188 1138 2244 Quibus
1173 2188 1493 2236 consideratis
1539 2204 1682 2236 nemo
1723 2183 1919 2236 dubita-

233 2262 307 2309 bit
340 2264 459 2323 quin
489 2262 642 2310 Heroi
673 2264 910 2324 primum,
958 2263 1367 2325 Epitrepontibus
1408 2262 1696 2322 secundum,
1738 2261 1918 2309 Perici-

232 2351 461 2383 romenae
486 2337 705 2397 tertium,
739 2336 935 2384 Samiae
970 2335 1204 2384 ultimum
1227 2336 1391 2385 locum
1415 2336 1616 2383 tribuat.
1673 2334 1778 2391 Quo
1811 2336 1919 2382 loco

232 2409 452 2457 fabulam
484 2410 736 2471 incertam,
778 2412 916 2457 cuius
957 2426 1112 2457 unum
1151 2410 1326 2457 folium
1365 2412 1599 2471 superest,
1630 2411 1919 2471 inseramus,

233 2499 333 2531 non
376 2485 583 2543 constat,
631 2484 715 2531 sed
766 2499 878 2531 cum
922 2485 975 2531 in
1025 2486 1090 2532 59
1125 2485 1346 2532 versibus
1391 2485 1454 2531 16
1498 2483 1799 2546 paragraphi
1845 2483 1920 2530 in-

233 2558 516 2617 veniantur,
555 2572 655 2604 una
685 2559 882 2604 tantum
913 2559 1055 2619 nota,
1095 2574 1203 2605 eam
1235 2560 1318 2606 vix
1358 2560 1471 2605 ante
1510 2557 1920 2613 Periciromenen,

233 2631 370 2679 nullo
402 2630 546 2678 modo
581 2633 694 2677 ante
726 2631 940 2679 Heroem
970 2647 1151 2693 ponere
1191 2646 1471 2693 possumus,
1510 2631 1611 2678 iam
1649 2630 1800 2692 vides,
1835 2645 1922 2678 cur

231 2721 385 2766 supra
404 2698 473 2770 (p.
492 2698 585 2770 IX)
602 2706 900 2768 negaverim,
925 2706 1052 2753 hanc
1075 2706 1296 2752 fabulam
1320 2705 1532 2766 primam
1555 2706 1711 2752 totius
1739 2704 1919 2752 codicis

233 2933 269 2975 P
310 2876 506 2976 1)1Ra1·o
550 2874 631 2918 has
664 2875 800 2917 notas
833 2874 954 2917 inter
998 2889 1152 2919 versus
1184 2875 1464 2931 interposuit
1500 2865 1563 2919 cf.
1598 2874 1684 2931 Ep.
1708 2879 1777 2927 21,
1812 2878 1916 2926 3323

273 2947 333 2977 er.
390 2939 459 2977 44.
