1980 3168
903 130 1114 186 (ςΑΜιΑ)
1367 202 1370 205 ¹
1787 133 1851 185 81
1878 160 1880 162 -

102 275 186 314 175
251 262 508 327 εἰςέρχομ’
540 263 656 328 ἤδη.
709 262 860 335 (Δη.)
900 266 963 318 τὸ
1005 267 1140 329 μέγα
1179 267 1376 332 πρᾶγμ’
1410 269 1468 321 ἐν
1508 274 1569 337 τῇ
1613 270 1765 322 πόλει

252 350 378 417 ὄψει
419 354 643 416 ςεαυτὴν
684 357 781 405 νῦν
823 353 1052 420 ἀκριβῶς
1090 355 1203 419 ἥτις
1245 355 1303 408 εἶ.

248 441 300 493 αἱ
339 441 473 493 κατά
514 441 555 494 ς>
589 442 792 506 ἑταῖραι
834 443 991 507 Χρυςὶ
1031 445 1393 509 πραττόμεναι
1434 447 1562 498 δέκα

250 530 489 595 δραχμὰς
522 531 689 595 μόνας
720 532 998 596 τρέχουςιν
1039 534 1124 584 ἐπὶ
1163 535 1230 585 τὰ
1270 538 1462 586 δεῖπνα
1503 536 1586 587 καί

247 620 451 672 πίνους’
487 619 722 685 ἄκρατον
764 619 913 685 ἄχρις
955 621 1020 673 ἂν
1062 621 1418 690 ἀποθάνωςιν,
1464 624 1494 687 ἤ

104 721 187 759 180
250 712 514 771 πεινῶςιν,
556 709 622 761 ἂν
664 710 729 774 μὴ
771 709 918 762 τοῦθ’
953 710 1175 774 ἑτοίμως
1216 713 1299 763 καὶ
1340 713 1472 775 ταχύ

246 801 464 850 ποῶςιν.
517 798 638 850 εἴςει
680 799 726 850 δ>
760 799 986 851 οὐδενὸς
1026 799 1184 861 τοῦτ’,
1229 800 1330 852 οἶδ>
1363 801 1458 862 ὅτι,

247 886 411 950 ἦττον
452 889 510 940 ςὺ
552 889 637 939 καὶ
677 889 885 950 γνώςει,
927 889 1004 940 τίς
1045 888 1155 940 οὓς>
1187 889 1501 954 ἡμάρτανες.

248 977 436 1029 ἕςταθι.
486 973 659 1046 (Χρυ.)
701 977 907 1029 τάλαιν’
941 978 1113 1041 ἔγωγε
1153 981 1245 1041 τῆς
1287 979 1411 1042 ἐμῆς
1450 980 1625 1043 τύχης.

57 1063 188 1136 (Νι.)
250 1068 398 1118 τουτὶ
437 1067 500 1118 τὸ
541 1067 818 1131 πρόβατον
857 1071 971 1120 τοῖς
1011 1070 1153 1119 Θεοῖς
1194 1070 1288 1130 μὲν
1328 1068 1393 1118 τά
1433 1068 1628 1132 νόμιμα

103 1168 185 1207 185
251 1155 464 1208 ἅπαντα
503 1157 709 1220 ποιήςει
751 1158 911 1209 Θυθὲν
952 1158 1036 1209 καὶ
1077 1160 1192 1208 ταῖς
1232 1160 1389 1208 θεαῖς.

249 1244 377 1310 αἷμα
416 1246 518 1310 γὰρ
561 1246 683 1311 ἔχει,
725 1247 893 1310 χολὴν
932 1246 1134 1309 ἱκανήν,
1176 1246 1304 1298 ὀςτᾶ
1344 1247 1491 1307 καλά,

246 1337 451 1398 ςπλῆνα
493 1336 674 1400 μέγαν,
717 1335 794 1387 ὧν
835 1336 987 1400 χρεία
1027 1335 1119 1387 ’ςτὶ
1158 1338 1270 1387 τοῖς
1311 1334 1632 1399 Ὀλυμπίοις,

244 1424 442 1489 πέμψω
484 1426 543 1476 δὲ
583 1425 863 1487 γεύςαςθαι
903 1425 1214 1489 κατακόψας
1255 1428 1366 1476 τοῖς
1406 1426 1583 1488 φίλοις

242 1514 304 1565 τὸ
345 1516 565 1583 κῴδιον·
607 1515 800 1567 λοιπὸν
840 1514 942 1578 γάρ
985 1515 1088 1566 ἐςτι
1129 1515 1291 1566 τοῦτό
1334 1531 1432 1578 μοι.

99 1615 183 1655 190
246 1602 361 1654 ἀλλ’
403 1602 679 1667 Ἡράκλεις
719 1604 766 1655 τί
805 1606 991 1664 τοῦτο;
1032 1603 1230 1668 πρόςθε
1269 1607 1378 1655 τῶν
1419 1606 1596 1667 θυρῶν

242 1691 422 1755 ἕςτηκε
464 1693 651 1756 Χρυςὶς
690 1692 785 1756 ἥδε
826 1693 1080 1745 κλαίους’·
1124 1693 1187 1744 οὐ
1229 1694 1324 1756 μὲν
1366 1692 1462 1744 οὖν

244 1780 392 1845 ἄλλη.
442 1782 489 1833 τί
529 1799 661 1834 ποτε
701 1783 763 1834 τὸ
804 1783 1055 1843 γεγονός;
1097 1779 1272 1851 (Χρυ.)
1317 1782 1596 1845 ἐκβέβληκέ
1638 1799 1698 1844 με

242 1871 272 1922 ὁ
306 1871 465 1934 φίλος
498 1871 527 1922 ὁ
556 1872 779 1935 χρηςτός
804 1889 912 1924 ςου.
954 1873 1001 1923 τί
1034 1872 1134 1935 γὰρ
1170 1869 1306 1931 ἀλλ’;
1350 1867 1477 1939 (Νι.)
1504 1869 1546 1921 ὦ
1573 1870 1845 1934 Ἡράκλεις

241 1961 338 2021 τίς;
371 1961 610 2023 Δημέας;
647 1958 821 2030 (Χρυ.)
847 1962 946 2012 ναί.
991 1957 1117 2030 (Νι.)
1145 1961 1232 2012 διὰ
1256 1960 1324 2019 τί;
1360 1956 1533 2032 (Χρυ.)
1561 1961 1647 2011 διὰ
1672 1961 1732 2011 τὸ
1760 1962 1972 2012 παιδίον

65 2047 193 2123 (Νι.)
255 2049 454 2112 ἤκουςα
493 2050 688 2102 καύτὸς
726 2054 836 2102 τῶν
876 2054 1144 2112 γυναικῶν
1186 2048 1265 2100 ὅτι
1305 2050 1519 2112 τρέφεις

100 2132 182 2190 196
246 2138 543 2203 ἀνελομένη
586 2140 892 2204 παιδάριον·
935 2138 1296 2204 ἐμβροντηςία.

241 2227 357 2279 ἀλλ’
392 2228 490 2279 ἕςτ’
526 2229 728 2280 ἐκεῖνος
767 2229 911 2292 ἡδύς.
962 2225 1134 2298 (Χρυ.)
1179 2228 1275 2279 οὐκ
1316 2227 1569 2290 ὠργίζετο

242 2317 410 2378 εὐθύς,
453 2319 714 2370 διαλιπὼν
757 2317 815 2378 δ’,
859 2317 1073 2382 ἀρτίως·
1115 2317 1174 2368 ὃς
1216 2318 1299 2367 καὶ
1341 2315 1547 2380 φράςας

242 2405 313 2456 εἰς
353 2407 479 2458 τοὺς
520 2406 724 2471 γάμους
766 2424 851 2471 μοι
891 2406 1092 2458 τᾶνδον
1127 2407 1353 2469 εὐτρεπῆ
1397 2408 1550 2456 ποεῖν

153 2579 259 2623 fort.
287 2580 492 2624 intactus
517 2581 719 2636 relinqui
753 2584 922 2638 potest,
957 2581 1067 2636 quia
1101 2580 1421 2635 diphthongus
1454 2594 1499 2622 αι
1533 2578 1655 2621 vocis
1684 2579 1840 2631 ἑταίρα

151 2654 200 2696 in
219 2654 481 2710 fragmento
492 2655 739 2698 Menandri
758 2655 815 2699 ab
832 2655 966 2699 Aelio
981 2654 1205 2709 Dionysio
1224 2656 1314 2710 (ap.
1337 2653 1547 2695 Eustath.
1571 2657 1698 2702 1166,
1719 2657 1772 2693 52
1787 2673 1838 2686 =

151 2728 205 2771 fr.
234 2733 318 2771 727
349 2729 419 2784 K.)
455 2728 599 2772 allaizo
631 2730 745 2772 item
778 2730 992 2785 correpta
1026 2741 1126 2771 esse
1158 2727 1342 2771 videtur
1445 2726 1536 2770 183
1570 2730 1716 2780 ἔγωγε
1749 2725 1838 2768 Leo

153 2802 270 2845 Maz.
287 2803 397 2846 Wil.
487 2802 581 2847 192
608 2805 698 2847 ἑςτι
722 2803 1006 2846 induxerunt
1030 2802 1175 2846 Head.
1196 2802 1376 2845 Leeuw.
1397 2802 1499 2852 Leo,
1534 2802 1587 2843 τό
1608 2799 1732 2842 delet
1752 2798 1836 2840 ΕΠ.

214 2876 308 2919 196
349 2878 652 2935 ἐμβροντηςίᾳ
684 2878 879 2929 Leeuw„
913 2876 1240 2931 έμβροντηςίας
1273 2875 1403 2918 Rich.
1529 2873 1620 2916 197
1666 2876 1749 2916 οὐκ
1785 2899 1837 2903 ——

154 2952 323 3004 ἀρτίως
357 2950 571 3006 Chrysidi
604 2950 832 2994 dederunt
864 2950 967 2993 Nic.
1001 2950 1110 2993 Wfl.

239 3034 470 3064 Menandrea
496 3033 552 3064 ed.
576 3034 702 3064 Kfirte.
1548 3025 1571 3063 6
