2032 3162
188 162 380 205 XXVIII
866 160 1211 206 PRAEFATIO

188 301 283 350 sibi
321 295 572 368 videturl)
620 295 916 367 (47—52),
962 302 1065 349 iam
1111 300 1332 363 suspicio
1367 301 1681 364 taeterrima,
1726 301 1874 365 quam

184 377 293 438 ipse
325 376 559 424 confiteri·
577 375 779 425 veretur
792 412 805 436 ,
843 377 897 422 in
928 376 985 423 eo
1017 376 1189 436 oritur,
1227 375 1563 424 Moschionem
1594 392 1878 438 procreasse

186 449 426 498 infantem
451 467 476 498 e
500 451 660 512 patris
686 448 959 498 concubina
982 442 1267 516 (53-'—64).
1308 447 1443 505 Quae
1469 450 1683 512 suspicio
1707 453 1765 498 ut
1788 452 1879 498 aut

184 522 456 585 dissipetur
473 526 561 572 aut
577 523 907 584 confirmetur,
923 523 1282 571 Parmenonem
1302 538 1504 571 vservum
1527 539 1640 572 cum
1664 539 1820 586 coquo
1845 539 1876 572 a

184 597 293 645 foro
305 597 592 646 redeuntem
607 590 875 664 (68—80)
890 597 949 644 de
961 597 1171 645 infantis
1188 598 1378 662 origine
1392 597 1670 659 percontari
1684 598 1874 661 incipit.

183 670 280 719 Hic
336 685 642 734 quamquam
678 672 1013 720 Moschionem
1060 673 1115 719 et·
1148 670 1453 735 Plangonem
1491 672 1722 734 parentes
1769 687 1876 721 esse

183 745 317 793 haud
348 747 546 809 ignorat
577 738 705 812 (301
734 738 881 812 sqq),
918 748 1087 793 tamen
1124 745 1343 807 primum
1384 746 1628 794 mentitur
1663 762 1875 809 puerum

186 817 439 881 Chrysidis
464 835 567 868 esse
592 822 642 867 et
657 820 873 867 Demeae
889 811 1142 885 (98sqq.),
1158 819 1496 867 tumDemeae
1518 819 1665 869 minis
1682 820 1874 883 pertur-

181 892 327 941 batus
353 893 652 943 Moschionis
685 908 789 941 esse
813 909 923 941 eum
949 893 1213 942 concedere
1236 893 1446 953 videtur,
1471 893 1531 940 de
1555 892 1715 942 matre
1745 894 1874 942 nihil

184 967 326 1028 dicit,
368 968 453 1016 sed
483 969 605 1031 fuga
645 968 904 1015 celerrima
935 968 1148 1016 salutem
1177 968 1307 1029 petit
1344 960 1703 1034 (loo—109).
1764 968 1874 1016 Iam

184 1040 372 1089 Demea
402 1057 491 1103 pro
517 1043 651 1102 certo
676 1041 842 1102 habet,
873 1041 1208 1090 Moschionem
1237 1041 1554 1090 concubuisse
1582 1057 1693 1090 cum
1719 1041 1872 1103 Chry—

180 1115 299 1176 side,
332 1115 416 1163 sed
446 1115 604 1163 filium
636 1117 799 1163 minus
832 1118 1090 1163 nocentem
1122 1131 1226 1164 esse
1259 1131 1408 1177 quam
1437 1115 1695 1163 mulierem
1732 1118 1872 1164 ratus

176 1189 323 1240 illam
353 1190 509 1238 solam
533 1191 709 1252 punire
742 1191 1002 1238 constituit
1032 1184 1086 1256 (1
1098 1182 1390 1251 10—141).
1430 1189 1587 1237 Nulla
1610 1205 1762 1238 causa
1786 1190 1870 1238 ad-

178 1262 298 1326 dita,
340 1265 439 1312 nisi
473 1264 604 1325 quod
637 1279 687 1311 se
718 1264 878 1312 invito
910 1280 1120 1326 puerum
1153 1263 1427 1324 sustulerit,
1464 1264 1722 1311 mulierem
1760 1278 1869 1311 nec-

181 1338 467 1398 opinantem
494 1354 552 1385 ex
577 1338 782 1386 aedibus
806 1338 952 1400 pellit
977 1331 1335 1404 (154—183).
1369 1336 1503 1385 Dum
1529 1353 1587 1385 ea
1609 1337 1730 1386 flens
1756 1340 1872 1386 ante

180 1411 324 1459 aedes
357 1414 503 1474 astat,
536 1412 800 1460 Niceratus
831 1427 943 1460 cum
966 1412 1132 1459 hostia
1164 1412 1282 1459 exili
1304 1412 1494 1474 nuptiis
1519 1411 1768 1459 destinata
1790 1411 1869 1460 ac-

175 1485 305 1533 cedit
337 1489 387 1533 et
430 1487 692 1534 miseratus
731 1487 990 1533 mulierem
1029 1486 1082 1532 in
1122 1501 1235 1534 suas
1269 1486 1412 1534 aedes
1450 1487 1630 1547 recipit
1662 1479 1868 1551 (184—

177 1561 279 1607 201
324 1562 374 1607 et
415 1562 519 1607 212
562 1555 708 1626 sqq).
763 1560 901 1608 Finis
947 1560 1094 1608 huius
1135 1575 1341 1607 scaenae
1389 1559 1537 1608 deest.
1593 1560 1659 1606 In
1689 1560 1870 1608 lacuna

175 1648 402 1681 versuum
438 1635 538 1682 fere
575 1635 680 1682 140
714 1636 836 1682 satis
868 1634 1028 1682 multa
1059 1636 1172 1682 acta
1203 1633 1470 1696 perierunt.
1514 1633 1702 1682 Demea
1740 1634 1867 1683 falso

177 1723 228 1755 se
252 1707 413 1755 filium
438 1711 486 1755 et
511 1708 836 1756 concubinam
860 1709 1179 1756 criminatum
1205 1723 1308 1756 esse
1337 1709 1585 1771 cognovit,
1604 1708 1868 1756 Niceratus

175 1780 331 1828 filiam
363 1782 611 1844 peperisse
644 1784 938 1844 suspicatus,
971 1798 1032 1829 ne
1057 1782 1277 1830 Moschio
1307 1798 1415 1829 eam
1441 1781 1635 1829 deserat
1663 1797 1866 1845 magno-

173 1871 288 1916 pere
327 1858 483 1904 timet.
539 1856 610 1903 Ut
656 1856 715 1904 de
762 1857 839 1903 his
882 1856 1062 1903 certior
1098 1855 1202 1916 fiat,
1244 1855 1497 1918 Chrysidi,
1536 1871 1662 1917 quae
1702 1856 1868 1903 omnia

172 1945 355 1993 negare
402 1930 637 1978 mulieres
677 1931 729 1977 in
769 1931 873 1978 eius
922 1930 1125 1986 aedibus
1172 1930 1347 1990 iussit,
1393 1930 1638 1977 infantem
1678 1931 1866 1992 eripere

172 2003 359 2064 studet,
406 2004 491 2051 sed
535 2005 676 2051 illam
707 2004 894 2052 Demea
939 2005 1138 2052 fortiter
1180 2003 1400 2051 defendit
1440 1996 1784 2070 (202—237)
1816 2006 1866 2050 et

170 2077 402 2125 manibus
455 2077 586 2125 inter
633 2094 684 2126 se
739 2077 976 2127 consertis
1024 2078 1224 2126 tandem
1276 2093 1414 2126 senes
1468 2077 1862 2126 reconciliantur.

171 2150 359 2199 Demea
390 2152 632 2199 infantem
664 2151 934 2215 Plangonis
979 2168 1008 2199 a
1046 2151 1163 2199 Iove
1202 2154 1519 2214 procreatum
1565 2166 1668 2199 esse
1706 2151 1866 2214 fingit,

171 2224 505 2273 Moschionem
536 2227 757 2288 puellam
796 2242 895 2274 non
937 2226 1245 2273 deserturum
1285 2241 1389 2273 esse
1433 2224 1663 2272 affirmat.
1702 2224 1865 2272 Ambo

168 2300 361 2346 intrant
400 2300 615 2347 Demeae
648 2300 814 2359 aedes,
858 2299 946 2347 ubi
986 2315 1106 2347 cena
1143 2299 1388 2361 nuptialis
1431 2301 1533 2346 iam
1571 2301 1749 2360 parata
1790 2301 1865 2346 est

170 2365 551 2438 (238—270).
623 2373 748 2421 Post
803 2374 940 2421 chori
995 2375 1196 2421 cantum
1257 2373 1425 2434 prodit
1450 2401 1455 2406 ·
1478 2372 1714 2431 Moschio,
1776 2374 1862 2434 qui

171 2448 501 2508 suspicionem
557 2449 713 2508 patris
756 2447 1044 2510 indignatus
1094 2448 1187 2496 hoc
1236 2446 1381 2494 modo
1433 2462 1549 2493 eum·
1591 2445 1862 2494 terrificare

171 2520 458 2567 constituit:
530 2521 701 2583 Fingit
759 2537 810 2569 se
870 2520 933 2568 ad
989 2521 1237 2582 stipendia
1294 2520 1527 2567 merenda
1584 2519 1635 2566 in
1689 2520 1862 2568 Asiam

169 2595 507 2654 profecturum
570 2610 674 2642 esse
736 2610 938 2656 sperans
1002 2596 1106 2642 fore
1168 2596 1226 2642 ut
1285 2596 1429 2656 pater
1492 2609 1542 2641 se
1598 2593 1863 2640 abductum

166 2668 339 2716 multis
370 2667 599 2729 precibus
642 2668 702 2715 ab
747 2684 803 2716 eo
837 2668 1042 2716 consilio
1074 2669 1127 2716 in
1159 2670 1410 2729 posterum
1441 2666 1600 2730 magis
1632 2669 1862 2714 vereatur

172 2735 534 2807 (271—293).
584 2741 723 2797 Quod
755 2745 810 2788 ut
842 2744 1107 2804 perpetret,
1138 2741 1493 2789 Parmenonem
1524 2752 1777 2788 reversum
1806 2741 1859 2787 in

249 2912 290 2966 1)
326 2910 603 2966 Chrysidem
634 2925 684 2954 re
717 2924 830 2954 vera
868 2911 1105 2967 peperisse
1137 2914 1183 2954 et
1215 2924 1299 2967 pro
1330 2910 1509 2954 infante
1548 2912 1729 2953 mortuo
1762 2908 1860 2952 Mo—

169 2969 370 3011 schionis
419 2969 566 3012 filium
605 2969 782 3013 lactare
823 2969 898 3012 vix
939 2970 1147 3022 credam3
1191 2970 1362 3012 erravit
1394 2983 1530 3012 senex
1562 2968 1857 3025 suspiciosus.
