2032 3162
823 737 1275 797 PRAEFATIO

677 904 765 952 DE
806 900 1070 951 PAPYRO
1112 901 1425 951 GAIRENSI

275 1006 462 1070 Lepido
508 1023 624 1056 casu
671 1007 867 1067 accidit,
914 1006 1050 1069 quod
1090 1009 1240 1069 poeta
1278 1006 1484 1054 Veneris
1530 1006 1800 1054 resurrexit
1841 1007 1893 1053 in

202 1081 409 1130 Veneris
441 1082 639 1144 oppido,
669 1080 1108 1143 Aphroditopolim
1132 1081 1255 1142 dico,
1289 1097 1415 1142 quae
1437 1081 1582 1129 hodie
1608 1081 1894 1129 nominatur

201 1155 610 1205 Kom-Ischkaou.
643 1155 723 1203 Ibi
738 1154 1044 1216 Lefeburius,
1068 1171 1180 1202 cum
1197 1171 1326 1203 anno
1348 1156 1488 1203 1905
1516 1157 1722 1203 exeunte
1746 1155 1892 1202 aedes

202 1231 444 1292 quasdam
473 1232 696 1292 privatas
728 1231 907 1277 aetatis
937 1230 1190 1278 Romanae
1224 1230 1488 1292 detegeret,
1520 1229 1573 1276 in
1603 1229 1784 1277 ultimo
1810 1245 1892 1276 cu-

202 1304 365 1352 biculo
398 1304 589 1352 invenit
629 1304 850 1366 amplum
884 1303 1085 1363 cadum,
1128 1319 1285 1365 paene
1323 1304 1645 1364 incolumem,
1689 1304 1893 1365 papyris

202 1378 453 1426 refertum.
489 1378 692 1426 Summa
723 1378 986 1441 diligentia
1009 1378 1120 1439 plus
1145 1381 1341 1425 centum
1365 1377 1732 1441 quinquaginta
1754 1378 1893 1425 volu-

202 1453 337 1500 mina
368 1453 420 1499 in
452 1453 573 1501 cado
607 1452 807 1501 condita
839 1452 1023 1514 eisque,
1054 1454 1111 1499 ut
1142 1453 1333 1499 tutiora
1364 1454 1541 1513 essent,
1580 1451 1702 1499 satis
1734 1452 1893 1499 multa

203 1526 325 1586 folia
356 1526 537 1574 codicis
570 1526 838 1589 papyracei
868 1527 971 1573 iam
1002 1529 1111 1573 tum
1144 1526 1352 1574 lacerati
1392 1526 1707 1588 superposita
1739 1529 1892 1574 erant.

205 1598 245 1648 O
269 1600 592 1662 iniquitatem
614 1601 884 1648 Fortunae!
919 1602 1105 1662 optime
1139 1602 1428 1649 conservata
1461 1602 1535 1648 est
1565 1602 1707 1647 tanta
1739 1601 1893 1647 moles

204 1676 440 1735 actorum,
474 1677 833 1734 contractuum,
863 1676 1292 1738 testamentorum,
1326 1690 1451 1735 quae
1483 1674 1895 1736 Aphroditopoli-

201 1749 311 1796 tani
326 1748 610 1797 Justiniano
635 1751 685 1796 et
701 1748 900 1797 Justino
916 1748 967 1795 II
983 1748 1305 1811 regnantibus
1330 1749 1739 1810 conscripserunt,
1764 1748 1893 1796 male

202 1824 408 1871 vexatae
457 1826 571 1871 sunt
617 1825 794 1884 poetae
841 1823 1001 1870 Attici
1048 1823 1249 1871 chartae
1304 1822 1703 1885 pretiosissimae.
1762 1821 1895 1870 Satis

202 1897 362 1944 multa
395 1899 525 1944 enim
556 1898 678 1944 folia
711 1897 892 1945 codicis
934 1913 959 1945 e
991 1897 1112 1944 cado
1155 1898 1323 1959 elapsa
1355 1898 1494 1944 humi
1524 1896 1766 1957 iacebant,
1806 1897 1895 1943 hu-

203 1970 329 2024 mori
360 1971 708 2033 vermibusque
742 1972 979 2033 exposita.
1034 1971 1094 2018 In
1134 1971 1254 2018 cado
1294 1971 1677 2019 inveniebantur
1716 1970 1895 2018 scheda

203 2044 249 2091 A
284 2038 534 2111 (Herois),
589 2045 712 2093 folia
752 2045 817 2106 B,
852 2044 910 2106 G,
951 2045 994 2091 D
1037 2039 1492 2111 (Epitrepontum),
1548 2045 1588 2091 Ε
1630 2039 1893 2111 (Periciro-

203 2112 416 2184 menes),
446 2119 487 2166 F
520 2112 790 2185 (Samiae),
821 2119 1002 2166 scheda
1034 2118 1076 2167 G
1101 2113 1366 2184 (Samiae),
1401 2124 1544 2167 erant
1575 2122 1741 2167 autem
1774 2118 1809 2166 O
1842 2120 1895 2165 in

203 2193 260 2253 B,
293 2191 336 2241 Gr
366 2194 419 2240 in
452 2193 505 2253 F,
537 2193 577 2240 F
607 2195 661 2240 in
693 2194 733 2241 E
766 2193 1038 2255 implicata.
1094 2194 1250 2241 Extra
1290 2193 1466 2241 cadum
1504 2193 1734 2241 iacebant
1773 2193 1894 2240 folia

204 2266 251 2313 H
284 2260 741 2333 (Epitrepontum),
782 2267 806 2314 Ι
838 2261 1100 2332 (Samiae),
1140 2268 1171 2314 J
1206 2262 1637 2331 (Periciromenes)
1650 2261 1715 2333 ¹),
1762 2268 1893 2329 frag-

205 2343 373 2389 menta
412 2341 470 2402 K,
503 2340 558 2401 L,
591 2341 655 2402 M,
688 2342 749 2401 N,
783 2339 840 2401 O,
872 2341 926 2395 P,
963 2340 1018 2402 Q,
1050 2342 1108 2402 R,
1142 2341 1191 2401 S,
1223 2342 1278 2388 T.
1332 2342 1425 2389 Est
1465 2344 1630 2389 autem
1674 2341 1895 2388 animad-

207 2415 498 2462 vertendum
531 2415 761 2478 plagulas
796 2414 990 2463 Samiae
1026 2409 1101 2480 (F,
1128 2410 1194 2482 G)
1228 2415 1349 2463 folio
1382 2415 1765 2463 Periciromenes
1802 2408 1893 2480 (E)

206 2489 419 2536 insertas
452 2504 570 2549 esse,
605 2492 712 2536 erat
742 2490 913 2552 igitur,
946 2505 1054 2537 cum
1088 2491 1311 2537 notarius
1343 2490 1429 2537 ille
1465 2489 1660 2537 chartas
1692 2489 1894 2536 inutiles

209 2562 331 2610 actis
357 2563 627 2611 carissimis
660 2563 804 2625 quasi
836 2564 1149 2625 coperculum
1175 2563 1401 2624 addebat,
1433 2580 1530 2611 non
1557 2563 1715 2611 solum
1739 2562 1894 2610 totius

210 2635 389 2684 codicis
422 2652 682 2700 compages
715 2637 978 2697 dissoluta,
1012 2637 1098 2685 sed
1130 2639 1282 2685 etiam
1314 2638 1620 2701 singulorum
1660 2637 1893 2684 foliorum

210 2709 328 2757 ordo
375 2711 523 2772 plane
572 2710 813 2759 turbatus.
884 2711 1183 2774 Fragmenta
1231 2713 1425 2759 minora
1472 2713 1637 2759 omnia
1684 2710 1893 2773 singulis

350 2868 391 2921 1)
425 2865 524 2909 Hoc
555 2865 721 2909 folium
752 2880 779 2909 a
811 2866 963 2921 primo
997 2866 1174 2909 editore
1200 2866 1385 2910 Samiae
1416 2866 1646 2910 tributum
1670 2866 1894 2910 Periciro-

207 2937 362 2967 menes
398 2937 511 2979 esse,
543 2925 784 2979 Leeuwen,
817 2925 1058 2982 Legrand,.
1078 2925 1389 2969 Wilamowitz
1423 2928 1751 2982 cognoverunt.
