2032 3162
214 123 298 166 XII
891 120 1233 164 PRAEFATIO

217 263 428 310 editores
452 261 627 309 tollere
653 261 826 321 solent,
851 260 1070 308 servavit
1093 260 1243 309 codex
1261 260 1626 309 Laurentianus
1644 260 1900 323 Sophoclis

216 336 332 384 Oed.
370 335 469 383 Col.
507 338 588 382 17.
645 392 649 394 ‚

290 410 599 470 Quamquam
637 411 800 456 textus
841 408 1016 455 multis
1054 407 1244 455 mendis
1287 409 1574 470 inquinatus
1607 412 1695 470 est,
1733 412 1898 458 tamen

215 484 523 545 corruptelae
571 482 821 546 graviores
870 481 990 529 satis
1029 497 1217 542 paucae
1255 482 1590 543 inveniuntur,
1638 499 1695 531 ea
1741 484 1900 531 solum

213 560 415 620 peccata
440 556 608 604 crebro
633 558 910 615 occurrunt,
943 571 1068 617 quae
1092 556 1144 603 in
1169 555 1393 604 omnibus
1417 557 1519 604 fere
1549 557 1902 619 manuscriptis

214 632 573 693 deprendimus,
615 630 812 677 litterae
845 644 1086 691 vocesque
1110 630 1422 692 omittuntur,
1452 632 1710 692 iterantur,
1740 634 1900 680 trans-

213 707 478 767 ponuntur,
517 719 685 752 versus
725 704 852 751 falso
885 703 1199 764 dirimuntur,
1235 705 1677 766 interpretamenta
1714 707 1767 752 in
1798 708 1900 753 tex-

213 784 321 827 tum
374 779 682 840 recipiuntur
736 772 841 842 (Sa.
884 779 1013 838 3283
1066 777 1173 825 Per.
1224 779 1253 824 2
1264 770 1376 844 74);
1430 779 1730 827 monendum
1782 795 1900 827 vero

214 854 380 901 omnia
413 853 806 913 corruptelarum
824 868 1006 914 genera
1028 853 1187 899 multo
1213 852 1459 901 crebriora
1485 868 1587 901 esse
1610 853 1663 900 in
1686 853 1899 901 trochai-

215 929 281 975 cis
313 927 614 974 tetrametris
652 941 801 987 quam
840 927 892 973 in
930 926 1168 974 trimetris
1208 926 1446 974 iambicis.
1518 927 1702 975 Versus
1748 927 1900 975 inter-

211 1002 406 1062 polatos
441 1000 638 1048 omnino
662 1016 762 1047 non
786 1001 1101 1062 investigavi,
1132 996 1219 1069 uni
1246 1001 1331 1062 qui
1355 1000 1550 1062 spurius
1576 1016 1678 1049 0550
1702 1001 1902 1049 videtur

214 1070 326 1139 (Ep.
361 1069 492 1140 458)
527 1091 556 1121 a
586 1074 791 1121 librario
822 1074 930 1135 ipso
962 1076 1083 1122 nota
1114 1074 1286 1122 critica
1318 1076 1548 1136 apposita
1580 1077 1666 1122 est.
1701 1073 1900 1136 Optime

214 1152 393 1209 autem,
435 1150 622 1209 quanta
654 1150 720 1196 sit
751 1149 914 1196 textus
947 1147 1089 1209 fides,
1131 1164 1188 1195 ex
1220 1150 1289 1196 48
1324 1149 1548 1197 versibus
1582 1149 1900 1197 Pericirome-

211 1239 296 1271 nes
331 1222 658 1286 cognoscitur,
693 1222 778 1283 qui
810 1222 946 1269 foliis
977 1222 1315 1283 Lipsiensibus
1340 1238 1621 1273 communes
1646 1226 1763 1271 sunt
1788 1239 1901 1271 cum

213 1297 376 1345 codice
412 1296 630 1344 Oairensi
664 1289 1022 1362 (230—277).
1077 1296 1136 1343 In
1182 1297 1259 1344 his
1291 1297 1463 1345 nonies
1503 1298 1632 1344 alter
1663 1297 1813 1345 codex
1839 1296 1900 1345 ab

213 1372 367 1419 altero
386 1371 586 1431 recedit,
609 1371 755 1418 bisin
779 1371 976 1432 pusillis
1000 1372 1223 1432 praestat
1249 1370 1496 1420 Gairensis
1523 1364 1672 1437 (236,
1699 1364 1901 1437 245)1),

211 1447 391 1506 septies
430 1445 699 1506 Lipsiensis
757 1438 903 1510 (230,
938 1446 1059 1504 236,
1095 1447 1218 1504 242,
1255 1446 1378 1506 246,
1415 1447 1536 1506 270,
1579 1447 1703 1506 271,
1746 1438 1899 1511 274);

211 1523 326 1566 sunt
366 1522 531 1566 autem
572 1519 894 1580 corruptelae,
935 1533 1060 1579 quae
1101 1519 1162 1565 ab
1202 1519 1294 1566 hoc
1335 1519 1666 1581 corriguntur,
1703 1522 1901 1581 praeter

210 1609 362 1640 unam
395 1587 551 1659 (274)
584 1596 688 1640 tam
720 1593 868 1654 leves,
900 1594 956 1639 ut
986 1592 1086 1639 iam
1119 1595 1233 1640 ante
1257 1592 1378 1640 folia
1402 1592 1680 1654 Lipsiensia
1703 1596 1900 1655 reperta

212 1683 240 1712 a
273 1669 392 1714 viris
425 1667 581 1714 doctis
614 1669 818 1714 sanatae
850 1668 961 1714 sint.
1019 1666 1132 1714 Una
1162 1668 1358 1713 tantum
1384 1668 1665 1728 corruptela
1696 1668 1898 1728 utrique

211 1741 367 1788 codici
400 1743 674 1789 communis
707 1757 810 1788 esse
844 1740 1041 1787 videtur
1074 1733 1246 1806 (245).

288 1815 352 1861 Ut
386 1831 629 1863 summam
662 1816 864 1862 faciam:
909 1814 1147 1862 habemus
1186 1816 1375 1861 textum
1409 1815 1530 1862 satis
1563 1831 1756 1876 purum,
1788 1830 1898 1877 pec-

211 1890 347 1936 cavit
378 1889 611 1936 librarius
645 1905 790 1950 saepe
815 1905 903 1950 per
926 1888 1298 1952 negligentiam,
1331 1903 1475 1950 saepe
1500 1905 1588 1949 per
1613 1889 1898 1948 stultitiam,

211 1979 483 2023 numquam
515 1980 602 2024 per
633 1978 813 2010 vanam
849 1963 1100 2009 doctrinae
1135 1962 1512 2010 affectationem.

285 2036 357 2082 De
392 2037 571 2084 codicis
606 2040 768 2084 aetate
801 2037 970 2098 paullo
1005 2037 1150 2083 aliter
1181 2036 1345 2083 iudico
1386 2039 1534 2098 atque
1568 2036 1726 2083 editor
1763 2038 1897 2097 prin-

211 2126 337 2170 ceps,
371 2111 455 2171 qui
489 2127 599 2157 eum
631 2111 827 2158 saeculo
861 2110 1072 2158 secundo
1099 2111 1295 2158 exeunti
1319 2110 1397 2158 vel
1422 2110 1615 2157 ineunti
1638 2111 1785 2157 tertio
1810 2111 1897 2157 tri-

209 2184 331 2244 buit,
365 2185 592 2244 equidem
628 2186 689 2231 ad
723 2187 958 2246 quartum
991 2186 1070 2231 vel
1094 2185 1261 2245 potius
1288 2186 1516 2245 quintum
1541 2184 1793 2231 saeculum
1817 2184 1897 2231 de-

210 2258 437 2305 scendere
468 2259 654 2318 malim,
686 2275 783 2306 non
817 2259 975 2306 solum
1016 2261 1218 2319 propter
1256 2259 1375 2318 fata,
1417 2274 1542 2319 quae
1583 2257 1729 2304 codex
1762 2260 1897 2305 sexto

209 2327 404 2379 saeculo
438 2335 644 2379 exeunte
676 2347 938 2393 perpessus
971 2335 1058 2392 est,
1099 2333 1183 2379 sed
1217 2333 1367 2379 etiam
1399 2334 1602 2393 propter
1625 2334 1783 2379 totam
1815 2331 1894 2378 lit-

209 2407 461 2453 teraturae
494 2400 767 2471 speciem.2)
830 2407 904 2452 Ne
937 2406 1029 2452 hoc
1062 2406 1258 2467 quidem
1292 2405 1552 2453 Lefeburio
1578 2407 1895 2452 concesserim

208 2481 339 2527 hunc
365 2480 579 2527 codicem
607 2480 735 2526 inter
758 2481 1114 2540 pulcherrimos
1148 2494 1266 2538 esse,
1300 2481 1385 2540 qui
1417 2482 1631 2526 aetatem
1656 2479 1896 2540 tulerunt,

210 2550 329 2600 mihi
367 2553 487 2600 satis
519 2554 634 2600 vilis
667 2556 716 2600 et
747 2554 969 2615 vulgaris
1001 2547 1258 2618 videtur.3)

286 2667 325 2719 1)
375 2663 545 2706 Contra
589 2664 794 2706 omnium
841 2664 1087 2707 Menandri
1135 2664 1347 2707 codicum
1391 2662 1520 2719 leges
1567 2670 1711 2707 ποιεῖ(
1766 2664 1814 2706 111
1860 2663 1895 2706 L

206 2723 431 2778 scriptum
465 2725 547 2775 est,
581 2737 861 2777 quamquam
895 2723 1076 2777 syllaba
1106 2724 1233 2778 prior
1264 2725 1335 2765 est
1366 2724 1590 2777 correpta.

282 2786 324 2837 2)
358 2782 414 2824 cf.
449 2795 505 2824 ea
537 2795 719 2837 quoque
753 2796 869 2835 quae
896 2782 1127 2825 Schubart
1157 2781 1266 2837 (Das
1292 2781 1420 2824 Buch
1452 2781 1528 2824 bei
1553 2781 1642 2825 den
1668 2780 1895 2824 Griechen

206 2841 301 2882 und
335 2841 534 2883 Romern
566 2856 610 2896 p.
640 2842 740 2896 121)
774 2842 830 2883 de
863 2841 1085 2884 librorum
1118 2841 1277 2884 formis
1311 2840 1425 2883 scite
1458 2840 1685 2895 exposuit.

283 2902 325 2954 3)
359 2899 572 2942 Editores
629 2899 865 2943 societatis
915 2899 1338 2956 palaeographicae
1391 2899 1688 2942 Britannicae
1736 2900 1782 2941 et
1837 2898 1894 2942 de

208 2961 363 3001 aetate
398 2961 443 3001 et
477 2959 532 3000 de
567 2959 719 3013 specie
754 2959 925 3001 codicis
958 2959 1082 3001 idem
1114 2959 1209 3002 fere
1242 2958 1467 3001 iudicium
1500 2958 1662 3001 tulisse
1695 2958 1891 3012 gaudeo.
