1980 3168
135 369 219 408 465

130 815 216 853 470

131 1260 216 1299 475

128 1703 213 1742 480

127 2149 212 2187 485

122 2315 213 2365 Χα.

825 131 1255 175 ΕΠΙΤΡΕΠΟΝΤΕ(

281 268 311 319 ὁ
351 269 525 332 πατὴρ
567 269 626 319 δὲ
665 271 757 330 τῆς
797 267 1008 331 νύμφης
1048 285 1094 318 τι
1135 268 1254 331 περὶ
1297 266 1598 333 [κακώςεως

285 356 462 409 ἐλάλει
502 356 638 420 πρὸς
678 357 897 420 ἐκείνην,
938 357 1022 408 ὡς’
1052 355 1195 421 ἔοιχ’,
1236 357 1266 407 ὃ
1309 356 1354 408 δ)
1397 355 1491 423 [ὡς
1531 356 1707 409 πυκνά

279 446 472 509 ἤλαττε
513 445 748 510 χρώματ>
789 444 979 509 ἄνδρες
1020 445 1136 497 οὐδ>
1178 445 1346 497 εἰπεῖν
1386 446 1567 497 καλόν.

278 534 354 597 ,,ὦ
394 534 724 598 γλυκυτάτη“
765 537 824 587 δὲ
863 538 1002 596 ,πῶν
1043 535 1223 596 λόγων
1265 534 1412 586 οἵους
1453 535 1667 596 λέγεις“,

281 624 541 687 ἀνέκραγε
581 625 678 688 τὴν
720 625 961 688 κεφαλήν
1002 624 1044 674 τ’
1087 623 1386 676 ἀνεπάταξε
1428 623 1638 687 ςφόδρα

280 713 469 765 αὑτοῦ·
510 713 672 764 πάλιν
714 715 772 764 δὲ
814 713 1100 765 διαλιπών·
1142 712 1293 774 ,,οἵαν
1335 713 1516 776 λαβών

279 801 487 865 γυναῖχ’
528 801 558 853 ὁ
601 802 787 866 μέλεος
827 801 1107 865 ἠτύχηκα.“
1156 802 1218 853 τὸ
1260 803 1319 853 δε
1360 801 1545 864 πέρας·

279 891 353 943 ὡς
392 891 570 942 πάντα
610 891 892 943 διακούςας
933 890 1125 954 ἀπῆλθ’
1167 890 1287 942 εἴςω
1329 891 1475 951 ποτέ,

281 981 581 1044 βρυχηθμὸς
623 976 798 1042 ἔνδον,
839 980 1034 1043 τιλμός,
1076 980 1306 1031 ἔκςταςις
1340 980 1523 1043 ςυχνή·

277 1070 414 1131 ,,έγὼ
455 1070 556 1133 γὰρ
599 1069 911 1133 ἁλιτήριος“,
952 1070 1156 1121 πυκνὸν
1197 1068 1338 1120 πάνυ

277 1159 476 1220 ἔλεγεν,
518 1161 798 1220 ,,τοιοῦτον
839 1158 999 1222 ἔργον
1041 1158 1437 1221 ἑξειργαςμένος

283 1248 444 1299 αὐτὸς
484 1248 725 1308 γεγονώς
765 1265 821 1298 τε
862 1248 1078 1299 παιδίου
1119 1248 1285 1298 νόθου
1326 1247 1500 1310 πατήρ

280 1337 378 1388 οὐκ
419 1337 589 1401 ἔςχον,
631 1335 747 1388 οὐδ’
780 1336 955 1387 ἔδωκα
995 1337 1306 1399 ςυγγνώμης
1348 1334 1530 1403 [μέρος

279 1426 440 1477 οὐθὲν
481 1425 767 1489 ἀτυχούςηι
806 1424 954 1476 ταῦτ’
988 1425 1174 1493 ἐκείνῃ,
1219 1424 1484 1488 βάρβαρος

277 1514 504 1578 ἀνηλέης
543 1520 645 1566 τε“.
688 1514 970 1578 λοιδορεῑτ’
1013 1515 1328 1578 ἐρρωμένως

277 1603 423 1673 αὐτῷ
467 1604 645 1667 βλέπει
688 1604 733 1654 θ’
766 1603 1005 1668 ὕφαιμον
1045 1603 1398 1666 ἠρεθιςμένος.

276 1692 489 1757 πέφρικ’
524 1693 631 1753 ἐγὼ
674 1692 783 1756 μέν,
826 1691 957 1743 αὖός
999 1691 1098 1754 εἰμι
1139 1696 1214 1759 τῷ
1256 1692 1388 1742 δέει·

276 1780 449 1832 οὕτως
490 1780 630 1844 ἔχων
672 1782 773 1845 γὰρ
816 1781 980 1831 αὐτὸν
1023 1780 1088 1832 ἂν
1127 1779 1213 1847 ἴδῃ
1257 1780 1317 1844 μέ
1359 1796 1465 1830 που

277 1871 371 1921 τὸν
412 1870 753 1934 διαβαλόντα,
793 1871 958 1932 τυχὸν
1000 1869 1362 1920 ἀποκτείνειεν
1404 1868 1482 1919 ἄν.

275 1960 462 2023 διόπερ
504 1959 838 2010 ὑπεκδέδυκα
879 1958 1020 2021 δεῦρ’
1056 1958 1155 2010 ἔξω
1198 1958 1381 2025 λάθρᾳ.

276 2050 359 2099 καὶ
399 2051 494 2100 ποῖ
533 2048 815 2112 τράπωμαί
856 2048 926 2109 γ);
970 2047 1040 2098 εἰς
1081 2048 1127 2098 τί
1171 2050 1386 2111 βουλῆς,
1428 2046 1655 2109 οἴχομαι,

277 2136 558 2189 ἀπόλωλα·
599 2139 696 2200 τὴν
740 2137 906 2200 θύραν
947 2137 1220 2200 πέπληχεν
1263 2136 1428 2188 ἐξιών.

275 2225 382 2277 Ζεῦ
424 2229 604 2289 ςῶτερ,
649 2226 796 2289 εἴπερ
840 2225 943 2276 ἐςτὶ
985 2225 1231 2285 δυνατόν,
1275 2225 1404 2293 ςῷζέ
1447 2241 1521 2287 με.

279 2315 385 2376 ἐγώ
426 2332 503 2366 τις
544 2300 929 2379 ἀναμάρτητος,
973 2314 1044 2365 εἰς
1086 2314 1247 2366 δόξαν
1292 2315 1518 2376 βλέπων,

1812 131 1887 184 51=

1889 274 1980 328 (39(

1885 718 1980 772 (395

1887 1163 1980 1217 (40(

1882 1607 1979 1662 (403

1883 2053 1980 2107 (410

275 2405 359 2454 καὶ
398 2404 460 2455 τὸ
501 2405 667 2455 καλὸν
710 2403 739 2454 ὅ
780 2404 827 2454 τί
868 2402 988 2454 ποτ>
1030 2404 1132 2454 ἐςτὶ
1174 2404 1256 2453 καὶ
1296 2402 1546 2464 ταίςχρόν
1589 2405 1814 2461 ςκοπῶν,

276 2491 534 2555 ἀκέραιος,
578 2492 969 2555 ἀνεπίπληκτος
1011 2492 1171 2542 αὐτὸς
1206 2496 1286 2558 τῷ
1330 2491 1422 2557 βίῳ
1469 2521 1529 2525 -

129 2593 215 2632 490
280 2580 337 2632 εὖ
380 2598 465 2643 μοι
505 2582 753 2645 κέχρηται
796 2581 879 2631 καὶ
920 2580 1296 2643 προςηκόντως
1338 2579 1478 2629 πάνυ

187 2722 281 2767 468
323 2725 365 2767 θ’
397 2724 473 2777 ἅμ’
503 2726 699 2769 ἐπάταξε
741 2724 885 2767 Head.
921 2724 1100 2767 Leeuw.

187 2797 277 2841 Eit.
429 2796 525 2841 478
557 2812 628 2842 τε·
671 2799 911 2853 λοιδορεῖτ’
945 2798 1019 2840 Ar.
1053 2798 1131 2841 Bo.
1166 2797 1315 2839 Herw.
1351 2798 1441 2839 Leo
1475 2796 1564 2838 Ma.
1600 2796 1728 2838 Rich.

186 2869 283 2914 479
324 2874 454 2929 αὐτῷ
492 2872 568 2919 Ar.
602 2871 712 2914 Wil.

186 2948 392 2999 πληκτον
422 2946 537 3000 ἠςκη
545 2948 634 2989 κὼς
669 2947 764 2999 βίον

1460 3019 1516 3058 4*

1880 2497 1980 2550 (415

1238 2722 1333 2766 476
1376 2725 1512 2777 μέρος
1546 2723 1739 2774 Leeuw,
1782 2724 1872 2774 ἐγώ

860 2871 974 2914 489·
997 2872 1052 2914 cf.
1088 2871 1192 2913 Eur.
1228 2871 1301 2913 Or.
1338 2875 1420 2912 922
1456 2872 1680 2925 ἀκέραιος,
1724 2871 1872 2913 ἀνεπί-
