1974 3100
774 76 1118 121 PRAEFATIO
1634 78 1798 121 XLVII

130 244 133 246 -
182 218 333 266 Plura
377 217 704 279 comperimus
748 233 774 264 e
812 217 1001 265 Donati
1042 217 1395 266 commentario
1440 218 1502 265 ad
1540 217 1796 265 Andriam.

107 292 335 341 Adnotat
379 291 442 340 ad
482 307 527 339 v.
564 293 654 339 10:
701 290 900 351 „Prima
946 306 1123 340 scaena
1169 291 1453 340 Perinthiae
1496 292 1599 339 fere
1643 291 1797 340 isdem

108 366 269 415 verbis
303 365 480 428 quibus
504 364 696 413 Andria
726 366 913 427 scripta
944 367 1040 427 est,
1080 367 1244 414 cetera
1275 365 1538 414 dissimilia
1569 368 1684 413 sunt
1716 382 1796 413 ex·

107 442 262 503 ceptis
296 439 485 487 duobus
517 439 654 500 locis,
686 440 844 487 altero
877 439 940 487 ad
971 454 1141 487 versus
1171 439 1244 487 XI
1284 440 1440 488 altero
1480 440 1544 487 ad
1574 439 1679 500 XX,
1711 441 1798 502 qui

107 516 162 562 in
191 517 401 576 utraque
433 513 605 561 fabula
629 513 781 574 positi
805 511 965 561 sunt.“
1019 513 1210 562 Deinde
1243 514 1305 561 ad
1336 531 1380 561 v.
1410 515 1499 561 14:
1532 512 1797 574 „Conscius

108 589 205 638 sibi
236 590 311 637 est
340 588 555 650 primam
587 602 814 635 scaenam
849 587 907 634 de
939 587 1196 636 Perinthia
1228 604 1331 637 esse
1362 588 1672 649 translatam,
1712 587 1798 635 ubi

108 679 253 711 senex
286 678 396 710 cum
427 677 581 709 uxore
611 661 850 723 loquitur,
880 664 938 709 ut
969 662 1102 724 apud
1134 662 1418 710 Terentium
1451 678 1562 710 cum
1603 661 1797 709 liberto.

107 737 177 784 At
199 736 252 783 in
275 735 466 783 Andria
487 735 746 782 Menandri
770 736 901 784 solus
929 739 1003 784 est
1027 735 1216 784 senex.“
1266 737 1391 784 Tum
1410 735 1473 783 ad
1488 736 1798 783 Perinthiam

107 825 302 874 quoque
345 810 596 872 pertinent
607 803 664 875 1),
709 826 837 871 quae
881 810 940 857 de
985 809 1189 858 Charini
1229 811 1532 873 Byrriaeqae
1575 811 1798 872 personis

107 885 229 933 dicit
275 884 338 932 ad
384 902 428 933 v.
465 885 567 932 301
612 883 744 944 „Has
782 899 1016 946 personas
1058 885 1317 933 Terentius
1362 884 1555 932 addidit
1585 884 1798 945 fabulae,

105 975 224 1007 nam
253 974 354 1006 non
386 960 502 1006 sunt
533 957 665 1019 apud
695 956 1063 1006 Menandrum.“

180 1033 347 1080 Unum
380 1032 583 1094 aliquod
631 1048 655 1079 e
690 1032 890 1080 Terenti
936 1033 1108 1080 fabula
1152 1034 1382 1081 accurate
1430 1048 1542 1080 cum
1578 1032 1799 1080 Andriae

106 1106 490 1169 Perinthiaeque
537 1107 829 1168 fragmentis
878 1110 1165 1168 comparata
1221 1107 1340 1155 addi
1384 1100 1610 1173 potest.²)
1689 1107 1796 1155 Ter.

106 1181 232 1228 And.
268 1183 373 1229 228
385 1197 491 1242 sqq.
546 1180 700 1242 Mysis
733 1181 916 1229 ancilla
946 1184 1051 1228 tam
1084 1183 1278 1242 copiose
1312 1181 1370 1228 de
1400 1180 1605 1229 Lesbiae
1638 1181 1796 1228 obste-

106 1256 261 1315 tricis,
287 1271 436 1317 quam
454 1270 695 1303 arcessere
711 1254 925 1315 iubetur,
942 1256 1236 1302 temulentia
1253 1270 1310 1303 ac
1332 1257 1615 1303 temeritate
1638 1255 1796 1316 loqui-

106 1332 204 1390 tur,
235 1331 291 1375 ut
321 1345 464 1376 nemo
496 1345 595 1376 non
627 1332 874 1391 exspectet
905 1330 1009 1377 fore
1035 1332 1092 1377 ut
1114 1329 1204 1377 illa
1228 1329 1442 1377 adducta
1466 1330 1635 1393 gulam
1659 1345 1798 1377 suam

106 1404 274 1465 potius
314 1419 463 1464 quam
502 1419 797 1465 puerperam
836 1406 985 1451 curet.
1048 1403 1118 1450 At
1150 1420 1258 1451 cum
1293 1404 1508 1464 advenit,
1549 1403 1709 1451 sobrie
1741 1418 1798 1450 ac

109 1479 253 1525 caute
302 1477 464 1525 officio
498 1493 585 1524 suo
625 1477 850 1539 fungitur
888 1471 1017 1542 (481
1037 1471 1183 1543 sqq.).
1246 1478 1373 1525 Eam
1411 1494 1510 1526 non
1558 1478 1702 1525 aliter
1748 1493 1800 1525 se

107 1553 316 1614 gessisse
361 1551 413 1597 in
459 1550 719 1598 Menandri
750 1551 941 1599 Andria
985 1568 1009 1597 e
1042 1553 1334 1615 fragmentis
1380 1554 1445 1600 41
1498 1554 1547 1600 et
1588 1553 1655 1599 42
1699 1545 1797 1617 (ed.

106 1618 269 1691 Kock)
310 1626 586 1672 luculenter
626 1628 848 1687 apparet,
889 1628 942 1673 at
980 1627 1033 1672 in
1063 1626 1323 1674 Perinthia
1353 1643 1405 1674 re
1436 1643 1553 1674 vera
1587 1627 1801 1673 occurrit

108 1715 232 1747 anus
263 1700 535 1747 temulenta
568 1693 652 1765 (cf.
685 1700 743 1746 fr.
772 1693 841 1765 5).
898 1701 973 1747 Ex
1005 1716 1101 1761 quo
1135 1701 1445 1764 cognoscitur
1477 1700 1798 1748 Menandrum

106 1774 159 1820 in
190 1773 449 1821 Perinthia
490 1774 805 1821 obstetricem
836 1774 1141 1821 vinolentam
1175 1776 1224 1822 et
1258 1775 1571 1822 temerariam
1612 1775 1798 1834 fecisse,

109 1863 259 1908 quam
312 1850 485 1909 postea
547 1850 846 1896 retractatae
893 1848 1091 1896 fabulae
1147 1849 1260 1896 stilo
1317 1849 1525 1896 sobriori
1580 1863 1799 1896 accomo—

109 1921 261 1968 davit.

182 1995 319 2042 Idem
345 1996 445 2043 fere
471 1996 603 2043 cadit
627 1996 677 2042 in
703 2011 932 2045 scaenam
950 1993 1267 2058 Oxyrhynchi
1284 2000 1547 2057 repertam.
1581 1996 1801 2043 Andriae

107 2070 160 2116 in
206 2072 319 2117 actu
363 2072 537 2131 quinto
580 2064 852 2136 (858sqq.)
903 2069 1039 2118 Simo
1081 2070 1291 2130 Davum,
1333 2087 1361 2117 a
1400 2087 1496 2132 quo
1537 2071 1716 2118 iterum
1748 2086 1800 2117 se

109 2142 367 2205 deceptum
402 2160 504 2192 esse
538 2146 785 2206 opinatur,
817 2145 995 2192 vinciri
1038 2147 1086 2192 et
1126 2145 1495 2206 quadrupedem
1529 2144 1802 2207 constringi

111 2210 267 2282 (865)
300 2218 450 2280 iubet,
483 2222 590 2266 tum
624 2218 762 2265 addit
794 2218 963 2265 acerbe
999 2220 1102 2266 866

400 2328 516 2370 „age
548 2315 788 2357 nunciam:
824 2329 908 2371 ego
940 2315 1021 2371 pol
1051 2316 1191 2358 hodie
1225 2315 1263 2357 si
1296 2315 1396 2358 vivo
1429 2315 1518 2358 tibi

399 2375 655 2428 ostendam,
689 2374 802 2428 quid
835 2389 963 2417 erum
996 2375 1057 2418 sit
1088 2373 1253 2430 pericli
1286 2373 1491 2418 fallere.“

188 2467 278 2515 Cui
310 2485 512 2517 scaenae
551 2470 806 2530 respondit
837 2472 889 2516 in
921 2470 1178 2517 Perinthia
1212 2486 1389 2518 scaena
1422 2468 1802 2531 Oxyrhynchica

190 2656 231 2710 1)
264 2654 368 2697 Non
401 2654 540 2711 pauci
571 2654 659 2698 viri
692 2654 818 2698 docti
850 2654 1024 2697 Donati
1056 2654 1196 2698 verba
1228 2654 1350 2697 male
1383 2655 1681 2709 interpretati
1712 2654 1798 2699 has

110 2726 330 2768 personas
374 2727 398 2756 e
429 2713 671 2757 Perinthia
712 2727 810 2757 esse
850 2717 1059 2769 sumptas
1107 2716 1346 2769 putarunt,
1396 2713 1452 2757 cf.
1489 2713 1663 2756 Schanz
1711 2713 1800 2757 Ge-

112 2771 322 2815 schichte
355 2772 436 2815 der
466 2777 579 2815 ro'm.
615 2773 851 2815 Literatur
881 2773 914 2825 I,
950 2773 1010 2827 13,
1046 2778 1144 2816 144.

187 2833 230 2887 2)
262 2830 503 2888 Lindskog
520 2831 717 2875 Studien
735 2846 837 2874 zum
858 2831 1049 2874 antiken
1068 2832 1254 2885 Drama,
1282 2831 1519 2874 Miscellen
1537 2831 1591 2885 Π,
1620 2836 1670 2874 11
1684 2846 1800 2886 sqq.,

111 2889 272 2943 Korte,
305 2889 496 2934 Hermes
528 2890 685 2945 XLIV,
715 2895 797 2933 311
812 2905 908 2945 sqq.
