1974 3100
165 74 309 118 XLVI
843 72 1187 117 PRAEFATIO

167 215 337 276 potius
369 213 534 262 bibere
574 214 804 275 voluisse,
835 215 1040 275 propter
1069 229 1287 261 amorem
1323 213 1573 262 infelicem
1609 215 1662 262 ni
1693 215 1854 264 fallor.

166 288 409 335 Fabulam
426 287 490 336 ad
500 287 685 336 bonum
698 288 889 335 exitum
898 288 1180 349 pervenisse
1195 287 1373 335 scheda
1381 287 1855 351 Dorpatensis‚quae
1903 351 1906 354 ψ

167 364 414 410 extremae
452 361 650 409 fabulae
691 363 780 423 est,
820 361 975 410 docet.
1030 361 1253 408 Duarum
1297 377 1584 409 scaenarum
1618 362 1855 425 reliquias

165 436 426 497 habemus,
465 435 518 482 in
548 437 714 497 priore
751 434 1037 484 adulescens
1077 434 1282 497 aliquis,
1322 435 1408 497 qui
1440 437 1588 484 antea
1620 437 1679 484 de
1709 437 1856 485 rebus

167 510 269 558 suis
301 510 637 572 desperavisse
669 508 880 571 videtur,
920 525 950 556 a
981 524 1121 557 servo
1154 509 1233 557 vel
1266 511 1423 557 amico
1455 512 1636 559 certior
1664 510 1724 559 fit
1751 512 1855 558 iam

166 584 334 632 omnia
375 599 607 646 prospere
651 583 842 645 cedere,
880 584 1075 646 patrem
1115 583 1322 630 amicam
1370 599 1480 631 cum
1521 583 1634 632 dote
1672 600 1857 648 magna

167 658 260 706 sibi
290 660 344 705 in
375 658 748 705 matrimonium
779 657 911 719 dare,
942 657 1146 719 nuptias
1177 658 1280 704 iam
1302 659 1472 719 parari
1504 651 1695 725 (2-6).
1734 658 1857 706 Abit

166 732 466 792 adulescens,
504 734 562 779 ut
593 731 855 779 conveniat
886 747 1107 780 socerum
1137 731 1190 778 in
1222 732 1400 779 exedra
1430 734 1712 794 propinqua
1745 748 1855 780 cum

169 805 341 854 amicis
374 805 776 854 confabulantem
809 799 1040 871 (8—12).
1085 805 1214 852 Tum
1243 806 1467 867 procedit
1499 806 1599 854 alia
1628 822 1854 869 persona,

165 881 220 927 ni
248 880 397 928 fallor
426 880 620 941 mulier,
653 896 781 941 quae
814 895 863 928 se
895 880 1168 927 Fortunam
1199 880 1368 941 inique
1403 881 1705 942 increpuisse
1740 896 1852 928 con-

165 953 350 1014 fitetur,
395 969 511 1001 nam
557 954 660 1001 iam
707 953 769 1001 ab
817 969 875 1000 ea
914 954 1081 1002 omnia
1122 952 1185 1000 ad
1224 953 1415 1020 bonum,
1437 954 1585 1001 finem
1615 954 1855 1015 perducta

167 1043 269 1076 esse
295 1021 566 1094 (13—20).
597 1027 842 1075 Fabulam
857 1043 1122 1089 properare
1148 1027 1211 1074 ad
1228 1028 1413 1075 exitum
1429 1027 1749 1076 manifestum
1767 1030 1852 1076 est.

753 1176 843 1223 DE
883 1175 1272 1227 PERINTHIA.

242 1264 477 1313 Chartam
502 1264 823 1327 Oxyrhynchi
852 1267 1115 1326 repertam,
1149 1280 1299 1326 quam
1326 1263 1547 1312 Grenfell
1579 1267 1629 1312 et
1659 1258 1852 1331 Hunt1)

168 1338 452 1387 dubitanter
483 1339 754 1387 Menandro
788 1338 1096 1399 addixerunt,
1128 1338 1414 1386 Perinthiae
1446 1354 1550 1387 esse
1582 1354 1672 1402 ego
1697 1354 1854 1400 nuper

168 1406 564 1479 demonstravi.²)
603 1412 893 1477 Fragmenti
925 1414 1055 1460 enim
1089 1413 1288 1461 aliunde
1317 1413 1425 1460 noti
1458 1406 1541 1478 (fr.
1572 1406 1626 1479 1)
1660 1428 1854 1460 summa

166 1486 217 1533 in
250 1503 440 1549 papyro
472 1503 516 1535 v.
547 1488 612 1534 13
640 1502 745 1549 sqq.
777 1487 849 1534 ita
872 1486 1129 1548 repetitur,
1161 1489 1218 1534 ut
1239 1487 1346 1534 illic
1370 1502 1563 1534 servum
1586 1487 1855 1535 insolenter

166 1561 388 1625 gloriari,
411 1561 492 1608 hic
516 1560 768 1608 dominum
803 1576 943 1608 servo
968 1560 1125 1622 ipsius
1148 1560 1299 1608 verba
1325 1560 1636 1608 acerbissime
1661 1560 1853 1609 obicere

165 1635 485 1683 manifestum
509 1636 586 1682 sit.
637 1634 826 1683 Scheda
851 1631 944 1700 (13
965 1650 1041 1682 cm
1058 1642 1130 1686 ><
1152 1635 1269 1694 16,3
1289 1628 1388 1700 cm)
1412 1634 1678 1682 voluminis
1701 1633 1853 1682 tertio

165 1726 213 1771 p.
233 1707 343 1757 Chr.
362 1725 407 1756 n.
434 1709 630 1756 saeculo
657 1709 829 1770 scripti
854 1708 1074 1756 continet
1098 1724 1248 1755 unam
1273 1708 1552 1756 columnam
1584 1710 1707 1756 satis
1732 1708 1852 1756 bene

169 1785 512 1831 conservatam
545 1785 594 1830 et
625 1783 962 1831 antecedentis
994 1782 1230 1844 reliquias
1254 1783 1583 1844 parcissimas.
1615 1782 1853 1844 Apostro-

167 1857 295 1919 phus
313 1872 505 1918 semper
521 1856 622 1904 fere
639 1857 819 1919 posita,
842 1859 991 1904 notae
1007 1856 1422 1918 interpunctionis
1447 1857 1569 1904 satis
1588 1856 1784 1903 crebrae
1795 1848 1854 1921 3),

171 1934 401 1979 accentus
435 1934 484 1978 et
515 1932 719 1992 spiritus
752 1931 902 1978 semel
932 1933 1062 1978 recte
1097 1923 1231 1996 (13),
1261 1929 1336 1978 bis
1361 1930 1487 1978 falso
1513 1925 1623 1996 (14,
1653 1923 1743 1996 16)
1770 1929 1852 1977 ad-

168 2004 276 2065 diti,
316 2019 639 2066 personarum
679 2004 982 2053 mutationes
1021 2020 1155 2052 more
1198 2004 1344 2052 solito
1384 2005 1579 2065 punctis
1624 2005 1672 2051 et
1709 2019 1852 2065 para-

169 2079 368 2142 graphis
399 2080 617 2139 notatae,
648 2094 972 2140 personarum
1003 2081 1149 2125 notae
1180 2080 1258 2125 ter
1281 2071 1391 2144 (10,
1412 2080 1496 2138 20,
1515 2071 1607 2143 21)
1634 2077 1853 2126 versibus

167 2152 488 2214 interpositae
522 2155 649 2200 sunt.

243 2226 527 2274 Perinthiae
576 2228 917 2288 argumentum
969 2226 1098 2273 idem
1145 2226 1246 2273 fere
1294 2225 1446 2273 fuisse
1493 2240 1550 2272 ac
1595 2225 1854 2272 Menandri

171 2300 466 2361 Terentique
491 2300 710 2348 Andriae
742 2316 912 2348 versus
944 2299 1190 2348 notissimi
1213 2299 1409 2362 prologi
1432 2298 1649 2346 Andriae
1676 2299 1852 2346 Teren-

168 2374 334 2422 tianae
363 2374 539 2421 docent
573 2377 600 2422 9
622 2389 725 2436 sqq.

393 2448 690 2509 „Menander
713 2449 831 2495 fecit
855 2447 1097 2494 Andriam
1130 2449 1179 2494 et
1205 2446 1511 2493 Perinthiam

394 2523 482 2582 qui
512 2522 755 2569 utramvis
787 2523 917 2568 recte
950 2522 1096 2584 norit,
1128 2519 1299 2568 ambas
1323 2520 1541 2567 noverit:

394 2611 491 2642 non
516 2594 589 2642 ita
613 2598 727 2642 sunt
751 2595 980 2642 dissimili
1011 2597 1316 2657 argumento,
1341 2593 1425 2642 sed
1449 2595 1614 2641 tamen

395 2668 624 2716 dissimili
656 2669 878 2716 oratione
911 2671 1027 2715 sunt
1057 2669 1220 2715 factae
1254 2682 1308 2714 ac
1341 2666 1520 2727 011104(ι

248 2782 288 2834 1)
307 2748 434 2822 The
453 2778 790 2834 Oxyrhynchus
821 2778 995 2834 Papyri
1025 2793 1070 2820 n.
1097 2782 1196 2833 855,
1229 2777 1314 2822 vol.
1341 2777 1418 2831 VI,
1448 2792 1494 2833 p.
1523 2781 1606 2820 150
1632 2790 1730 2831 sqq.

246 2841 289 2893 2)
322 2838 477 2881 Herm.
502 2837 659 2891 XLIV,
692 2842 776 2880 309
804 2851 903 2892 sqq.

247 2899 290 2949 3)
323 2897 477 2953 Lapsu
502 2897 775 2952 typothetae
800 2911 838 2939 v.
862 2900 884 2939 7
910 2897 1165 2950 ὑποετιγμή
1191 2910 1275 2951 pro
1302 2898 1399 2939 ἄνω
1418 2896 1576 2949 (τιγμή
1594 2893 1749 2949 posita
1765 2894 1848 2936 est.
