1980 3168
204 121 306 174 198
911 120 1170 165 ΠΕΡΙΝΘΙΑ

492 402 607 456 οὐδ’
640 403 802 455 αὐτός
842 403 943 468 εἰμι
984 404 1077 455 ςὺν
1116 406 1260 455 Θεοῖς
1299 403 1583 458 ὑπόξυλος.

340 535 459 578 Max.
493 533 624 577 Plan.
650 532 793 577 schol.
818 532 1035 589 Hermog.
1067 532 1221 590 (Rhea
1247 531 1324 577 Gr.
1349 532 1391 576 V
1414 534 1519 590 486)
1544 554 1601 571 =
1623 532 1678 576 fr.
1705 536 1790 576 399
1823 531 1881 578 Κ.

194 616 336 655 κεῖται
369 611 419 654 δὲ
442 610 516 664 (τὸ
540 608 787 663 ὑπόξυλος)
813 608 886 652 ἐπὶ
908 612 1006 652 τῶν
1030 610 1254 663 λαμπρῶν
1272 609 1355 662 μὲν
1372 595 1544 653 ἔξωθεν
1561 610 1635 652 καὶ
1652 609 1879 662 ἐπιεικῶν,

192 688 414 739 πονηρῶν
446 684 496 726 δὲ
526 683 585 726 τὰ
610 683 760 726 ἔνδον.
801 684 876 725 καὶ
900 682 1173 736 Μένανδρος
1197 682 1247 725 ἐν
1278 687 1335 738 τῇ
1360 681 1582 739 Περινθίᾳ
1615 680 1755 737 φηςίν
1785 682 1879 725 κτὲ.

282 757 416 802 ἀςτός
446 754 660 798 Nencini.
1882 758 1886 772 ἓ

414 982 480 1033 τὰ
519 980 566 1033 δ’
601 980 714 1033 ἄλλ’
750 980 1008 1046 ἀνέπαφα
1048 980 1240 1046 ςώματ’
1274 981 1403 1033 οὐδὲ
1444 967 1662 1045 ληπτέα.

338 1110 465 1154 Suid.
493 1132 548 1147 =
572 1110 627 1155 fr.
653 1114 741 1155 400
765 1111 824 1161 Κ,
855 1112 1121 1167 ἀνέπαφον·
1155 1112 1427 1175 ἀνεύθυνονἸ
1460 1112 1677 1176 καθαρόν,
1712 1112 1879 1166 ἀθιγές,

190 1187 521 1241 ἀψηλάφητον.
584 1187 857 1241 Μένανδρος
893 1186 1116 1242 Περινθίᾳ
1157 1187 1236 1253 κτὲ
1330 1187 1524 1241 »οὺδέλη
1567 1183 1725 1239 codd.‚
1766 1198 1881 1228 corr.

189 1259 417 1303 Meineke.
1144 1262 1146 1264 ’
1406 1262 1408 1264 ’
1472 1262 1475 1264 ’
1582 1261 1585 1263 ’

1015 1365 1062 1418 9.

813 1485 1085 1538 Αἰάντειος
1125 1486 1297 1548 γέλως

334 1614 450 1658 Mill.
484 1615 593 1659 Mel.
627 1619 712 1659 355
744 1615 931 1672 (Zenob.
965 1615 1000 1671 I,
1026 1617 1100 1672 60)
1134 1637 1189 1653 =
1221 1615 1277 1659 fr.
1303 1619 1388 1658 401
1415 1615 1470 1658 Κ.
1512 1616 1737 1670 μέμνηται
1768 1616 1878 1659 ταύ-

186 1702 271 1743 της
317 1690 590 1745 Μένανδρος
638 1691 687 1734 ἐν
741 1695 798 1747 τῇ
846 1689 1067 1746 Περινθία
1121 1695 1178 1747 τῇ
1226 1691 1411 1746 πρώτῃ·
1476 1690 1655 1743 λέγουςι
1709 1690 1761 1733 δὲ
1807 1691 1879 1733 ὅτι

186 1765 464 1819 Πλειςθένης
510 1766 536 1808 ὁ
584 1765 837 1820 ὑποκριτὴς
882 1766 967 1809 τὸν
1017 1765 1239 1820 Καρκίνου
1289 1764 1459 1808 Αἴαντα
1514 1765 1879 1820 ὑποκρινόμενος

188 1837 410 1892 εὐκαίρως
450 1840 654 1891 ἑγέλαςε·
703 1843 788 1886 τοῦ
829 1838 934 1894 γὰρ’
969 1838 1220 1889 Ὀδυςςέως
1266 1839 1478 1883 εἰπόντος
1518 1839 1589 1881 ὅτι
1628 1839 1686 1882 τὰ
1726 1837 1878 1882 δίκαια

187 1914 273 1965 χρῆ
307 1917 453 1955 ποιεῖν
488 1913 602 1966 μετὰ
635 1912 871 1968 εἰρωνείας
904 1914 929 1956 ὁ
963 1913 1073 1957 Αἴας
1103 1917 1170 1969 τῷ
1203 1914 1370 1967 γέλωτι
1402 1912 1642 1967 εχρήςατο.
