<?xml version="1.0" encoding="UTF-8"?>
<!DOCTYPE html PUBLIC "-//W3C//DTD XHTML 1.0 Transitional//EN"
    "http://www.w3.org/TR/xhtml1/DTD/xhtml1-transitional.dtd">
<html xmlns="http://www.w3.org/1999/xhtml" xml:lang="en" lang="en">
 <head>
  <title>
</title>
<meta http-equiv="Content-Type" content="text/html;charset=utf-8" />
  <meta name='ocr-system' content='tesseract 3.04.00' />
  <meta name='ocr-capabilities' content='ocr_page ocr_carea ocr_par ocr_line ocrx_word'/>
</head>
<body>
  <div class='ocr_page' id='page_1' title='image "./menandreaexpapyr00menauoft_0038.png"; bbox 0 0 2032 3162; ppageno 0'>
   <div class='ocr_carea' id='block_1_1' title="bbox 192 128 1210 176">
    <p class='ocr_par' dir='ltr' id='par_1_1' title="bbox 192 128 1210 176">
     <span class='ocr_line' id='line_1_1' title="bbox 192 128 1210 176; baseline 0 -1"><span class='ocrx_word' id='word_1_1' title='bbox 192 131 383 176; x_wconf 90' lang='lat' dir='ltr'>XXXVI</span> <span class='ocrx_word' id='word_1_2' title='bbox 870 128 1210 175; x_wconf 81' lang='lat' dir='ltr'>PRAEFATIO</span> 
     </span>
    </p>
   </div>
   <div class='ocr_carea' id='block_1_2' title="bbox 154 269 1893 2621">
    <p class='ocr_par' dir='ltr' id='par_1_2' title="bbox 192 269 1889 1738">
     <span class='ocr_line' id='line_1_2' title="bbox 192 269 1880 333; baseline -0.001 -14"><span class='ocrx_word' id='word_1_3' title='bbox 192 271 461 333; x_wconf 85' lang='lat' dir='ltr'>Lipsiensis</span> <span class='ocrx_word' id='word_1_4' title='bbox 509 273 746 333; x_wconf 89' lang='lat' dir='ltr'>quattuor</span> <span class='ocrx_word' id='word_1_5' title='bbox 799 286 1035 332; x_wconf 79' lang='lat' dir='ltr'>personae</span> <span class='ocrx_word' id='word_1_6' title='bbox 1090 272 1141 317; x_wconf 91' lang='lat' dir='ltr'>in</span> <span class='ocrx_word' id='word_1_7' title='bbox 1193 285 1370 318; x_wconf 89' lang='lat' dir='ltr'>scaena</span> <span class='ocrx_word' id='word_1_8' title='bbox 1416 272 1678 318; x_wconf 76' lang='lat' dir='ltr'>versantur</span> <span class='ocrx_word' id='word_1_9' title='bbox 1724 269 1880 329; x_wconf 81' lang='lat' dir='ltr'>Sosia,</span> 
     </span>
     <span class='ocr_line' id='line_1_3' title="bbox 193 343 1880 406; baseline 0 -14"><span class='ocrx_word' id='word_1_10' title='bbox 193 345 407 405; x_wconf 90' lang='lat' dir='ltr'>Polemo,</span> <span class='ocrx_word' id='word_1_11' title='bbox 424 344 762 405; x_wconf 88' lang='lat' dir='ltr'>Habrotonon,</span> <span class='ocrx_word' id='word_1_12' title='bbox 786 344 1041 404; x_wconf 89' lang='lat' dir='ltr'>Pataecus,</span> <span class='ocrx_word' id='word_1_13' title='bbox 1066 359 1123 391; x_wconf 88' lang='lat' dir='ltr'>ea</span> <span class='ocrx_word' id='word_1_14' title='bbox 1141 359 1267 406; x_wconf 91' lang='lat' dir='ltr'>quae</span> <span class='ocrx_word' id='word_1_15' title='bbox 1290 343 1660 405; x_wconf 90' lang='lat' dir='ltr'>interciderunt,</span> <span class='ocrx_word' id='word_1_16' title='bbox 1686 343 1754 392; x_wconf 88' lang='lat' dir='ltr'>sic</span> <span class='ocrx_word' id='word_1_17' title='bbox 1778 345 1880 392; x_wconf 87' lang='lat' dir='ltr'>fere</span> 
     </span>
     <span class='ocr_line' id='line_1_4' title="bbox 192 416 1881 482; baseline -0.001 -15"><span class='ocrx_word' id='word_1_18' title='bbox 192 419 499 467; x_wconf 89' lang='lat' dir='ltr'>restituenda</span> <span class='ocrx_word' id='word_1_19' title='bbox 530 434 632 466; x_wconf 90' lang='lat' dir='ltr'>esse</span> <span class='ocrx_word' id='word_1_20' title='bbox 663 420 805 480; x_wconf 85' lang='lat' dir='ltr'>puto:</span> <span class='ocrx_word' id='word_1_21' title='bbox 844 418 1182 482; x_wconf 89' lang='lat' dir='ltr'>Litigantibus</span> <span class='ocrx_word' id='word_1_22' title='bbox 1217 416 1386 465; x_wconf 83' lang='lat' dir='ltr'>Sosiae</span> <span class='ocrx_word' id='word_1_23' title='bbox 1419 419 1471 465; x_wconf 88' lang='lat' dir='ltr'>et</span> <span class='ocrx_word' id='word_1_24' title='bbox 1500 417 1678 466; x_wconf 92' lang='lat' dir='ltr'>Doridi</span> <span class='ocrx_word' id='word_1_25' title='bbox 1715 433 1881 480; x_wconf 87' lang='lat' dir='ltr'>super·</span> 
     </span>
     <span class='ocr_line' id='line_1_5' title="bbox 194 490 1880 554; baseline -0.001 -13"><span class='ocrx_word' id='word_1_26' title='bbox 194 492 330 541; x_wconf 90' lang='lat' dir='ltr'>venit</span> <span class='ocrx_word' id='word_1_27' title='bbox 355 493 577 553; x_wconf 87' lang='lat' dir='ltr'>Polemo,</span> <span class='ocrx_word' id='word_1_28' title='bbox 610 508 757 554; x_wconf 92' lang='lat' dir='ltr'>quem</span> <span class='ocrx_word' id='word_1_29' title='bbox 787 508 927 540; x_wconf 91' lang='lat' dir='ltr'>amor</span> <span class='ocrx_word' id='word_1_30' title='bbox 957 507 987 538; x_wconf 87' lang='lat' dir='ltr'>a</span> <span class='ocrx_word' id='word_1_31' title='bbox 1018 491 1227 553; x_wconf 89' lang='lat' dir='ltr'>prandio</span> <span class='ocrx_word' id='word_1_32' title='bbox 1261 491 1325 538; x_wconf 91' lang='lat' dir='ltr'>ad</span> <span class='ocrx_word' id='word_1_33' title='bbox 1358 490 1619 553; x_wconf 80' lang='lat' dir='ltr'>Glyceram</span> <span class='ocrx_word' id='word_1_34' title='bbox 1659 491 1880 540; x_wconf 77' lang='lat' dir='ltr'>retraxit.</span> 
     </span>
     <span class='ocr_line' id='line_1_6' title="bbox 197 565 1881 627; baseline -0.002 -12"><span class='ocrx_word' id='word_1_35' title='bbox 197 566 474 615; x_wconf 83' lang='lat' dir='ltr'>Comitatur</span> <span class='ocrx_word' id='word_1_36' title='bbox 513 583 625 613; x_wconf 93' lang='lat' dir='ltr'>eum</span> <span class='ocrx_word' id='word_1_37' title='bbox 662 565 1009 626; x_wconf 80' lang='lat' dir='ltr'>Habmtouon,</span> <span class='ocrx_word' id='word_1_38' title='bbox 1050 581 1178 627; x_wconf 91' lang='lat' dir='ltr'>quae</span> <span class='ocrx_word' id='word_1_39' title='bbox 1209 565 1563 627; x_wconf 84' lang='lat' dir='ltr'>prandentibus</span> <span class='ocrx_word' id='word_1_40' title='bbox 1604 566 1782 613; x_wconf 81' lang='lat' dir='ltr'>cecinit</span> <span class='ocrx_word' id='word_1_41' title='bbox 1818 567 1881 612; x_wconf 90' lang='lat' dir='ltr'>ti-</span> 
     </span>
     <span class='ocr_line' id='line_1_7' title="bbox 195 638 1881 689; baseline -0.002 0"><span class='ocrx_word' id='word_1_42' title='bbox 195 640 303 689; x_wconf 89' lang='lat' dir='ltr'>biis.</span> <span class='ocrx_word' id='word_1_43' title='bbox 350 640 552 688; x_wconf 88' lang='lat' dir='ltr'>Polemo</span> <span class='ocrx_word' id='word_1_44' title='bbox 577 641 744 688; x_wconf 87' lang='lat' dir='ltr'>furore</span> <span class='ocrx_word' id='word_1_45' title='bbox 769 640 995 687; x_wconf 89' lang='lat' dir='ltr'>incensus</span> <span class='ocrx_word' id='word_1_46' title='bbox 1021 638 1191 687; x_wconf 83' lang='lat' dir='ltr'>Sosiae</span> <span class='ocrx_word' id='word_1_47' title='bbox 1217 639 1420 687; x_wconf 90' lang='lat' dir='ltr'>aedibus</span> <span class='ocrx_word' id='word_1_48' title='bbox 1444 639 1621 688; x_wconf 83' lang='lat' dir='ltr'>vicinis</span> <span class='ocrx_word' id='word_1_49' title='bbox 1645 641 1749 687; x_wconf 92' lang='lat' dir='ltr'>vim</span> <span class='ocrx_word' id='word_1_50' title='bbox 1770 638 1881 687; x_wconf 91' lang='lat' dir='ltr'>illa-</span> 
     </span>
     <span class='ocr_line' id='line_1_8' title="bbox 195 712 1884 775; baseline -0.002 -12"><span class='ocrx_word' id='word_1_51' title='bbox 195 718 308 763; x_wconf 91' lang='lat' dir='ltr'>turo</span> <span class='ocrx_word' id='word_1_52' title='bbox 341 716 625 775; x_wconf 78' lang='lat' dir='ltr'>assentitur,</span> <span class='ocrx_word' id='word_1_53' title='bbox 659 714 776 762; x_wconf 92' lang='lat' dir='ltr'>dum</span> <span class='ocrx_word' id='word_1_54' title='bbox 799 713 1040 761; x_wconf 89' lang='lat' dir='ltr'>Pataecus</span> <span class='ocrx_word' id='word_1_55' title='bbox 1065 713 1342 761; x_wconf 88' lang='lat' dir='ltr'>furentibus</span> <span class='ocrx_word' id='word_1_56' title='bbox 1373 715 1653 762; x_wconf 85' lang='lat' dir='ltr'>intervenit.</span> <span class='ocrx_word' id='word_1_57' title='bbox 1708 712 1804 760; x_wconf 89' lang='lat' dir='ltr'>Hic</span> <span class='ocrx_word' id='word_1_58' title='bbox 1826 717 1884 761; x_wconf 92' lang='lat' dir='ltr'>ut</span> 
     </span>
     <span class='ocr_line' id='line_1_9' title="bbox 196 787 1883 850; baseline -0.001 -14"><span class='ocrx_word' id='word_1_59' title='bbox 196 788 372 836; x_wconf 90' lang='lat' dir='ltr'>turbae</span> <span class='ocrx_word' id='word_1_60' title='bbox 405 788 652 848; x_wconf 87' lang='lat' dir='ltr'>sedentur,</span> <span class='ocrx_word' id='word_1_61' title='bbox 686 788 747 835; x_wconf 89' lang='lat' dir='ltr'>ad</span> <span class='ocrx_word' id='word_1_62' title='bbox 779 787 1054 850; x_wconf 82' lang='lat' dir='ltr'>Myrrinam</span> <span class='ocrx_word' id='word_1_63' title='bbox 1086 803 1135 835; x_wconf 89' lang='lat' dir='ltr'>se</span> <span class='ocrx_word' id='word_1_64' title='bbox 1168 788 1357 836; x_wconf 86' lang='lat' dir='ltr'>confert</span> <span class='ocrx_word' id='word_1_65' title='bbox 1395 789 1464 835; x_wconf 91' lang='lat' dir='ltr'>rei</span> <span class='ocrx_word' id='word_1_66' title='bbox 1501 789 1687 835; x_wconf 87' lang='lat' dir='ltr'>statum</span> <span class='ocrx_word' id='word_1_67' title='bbox 1719 787 1883 849; x_wconf 85' lang='lat' dir='ltr'>explo-</span> 
     </span>
     <span class='ocr_line' id='line_1_10' title="bbox 196 861 1883 923; baseline 0 -14"><span class='ocrx_word' id='word_1_68' title='bbox 196 867 408 909; x_wconf 87' lang='lat' dir='ltr'>raturus.</span> <span class='ocrx_word' id='word_1_69' title='bbox 454 861 594 909; x_wconf 85' lang='lat' dir='ltr'>Unde</span> <span class='ocrx_word' id='word_1_70' title='bbox 619 877 842 909; x_wconf 89' lang='lat' dir='ltr'>reversus</span> <span class='ocrx_word' id='word_1_71' title='bbox 867 864 967 909; x_wconf 86' lang='lat' dir='ltr'>iam</span> <span class='ocrx_word' id='word_1_72' title='bbox 993 877 1186 909; x_wconf 90' lang='lat' dir='ltr'>omnem</span> <span class='ocrx_word' id='word_1_73' title='bbox 1210 863 1312 910; x_wconf 91' lang='lat' dir='ltr'>vim</span> <span class='ocrx_word' id='word_1_74' title='bbox 1336 861 1591 909; x_wconf 89' lang='lat' dir='ltr'>Polemoni</span> <span class='ocrx_word' id='word_1_75' title='bbox 1615 861 1883 923; x_wconf 85' lang='lat' dir='ltr'>dissuadet,</span> 
     </span>
     <span class='ocr_line' id='line_1_11' title="bbox 196 928 1884 1001; baseline -0.001 -18"><span class='ocrx_word' id='word_1_76' title='bbox 196 938 468 984; x_wconf 86' lang='lat' dir='ltr'>reluctatur</span> <span class='ocrx_word' id='word_1_77' title='bbox 494 935 635 984; x_wconf 83' lang='lat' dir='ltr'>Sosia</span> <span class='ocrx_word' id='word_1_78' title='bbox 663 928 1021 1001; x_wconf 81' lang='lat'>(217—225).</span> <span class='ocrx_word' id='word_1_79' title='bbox 1074 935 1144 982; x_wconf 90' lang='lat' dir='ltr'>At</span> <span class='ocrx_word' id='word_1_80' title='bbox 1168 935 1406 984; x_wconf 90' lang='lat' dir='ltr'>suadente</span> <span class='ocrx_word' id='word_1_81' title='bbox 1430 935 1641 983; x_wconf 88' lang='lat' dir='ltr'>Pataeco</span> <span class='ocrx_word' id='word_1_82' title='bbox 1675 934 1884 982; x_wconf 87' lang='lat' dir='ltr'>dimittit</span> 
     </span>
     <span class='ocr_line' id='line_1_12' title="bbox 198 1003 1885 1076; baseline 0 -19"><span class='ocrx_word' id='word_1_83' title='bbox 198 1010 397 1058; x_wconf 89' lang='lat' dir='ltr'>Polemo</span> <span class='ocrx_word' id='word_1_84' title='bbox 416 1012 464 1057; x_wconf 89' lang='lat' dir='ltr'>et</span> <span class='ocrx_word' id='word_1_85' title='bbox 481 1009 804 1057; x_wconf 91' lang='lat' dir='ltr'>Habrotonon</span> <span class='ocrx_word' id='word_1_86' title='bbox 821 1012 871 1057; x_wconf 90' lang='lat' dir='ltr'>et</span> <span class='ocrx_word' id='word_1_87' title='bbox 896 1009 1088 1058; x_wconf 89' lang='lat' dir='ltr'>Sosiam</span> <span class='ocrx_word' id='word_1_88' title='bbox 1112 1025 1222 1057; x_wconf 91' lang='lat' dir='ltr'>cum</span> <span class='ocrx_word' id='word_1_89' title='bbox 1245 1010 1446 1057; x_wconf 88' lang='lat' dir='ltr'>famulis</span> <span class='ocrx_word' id='word_1_90' title='bbox 1460 1004 1500 1076; x_wconf 63' lang='grc'>1’)</span> <span class='ocrx_word' id='word_1_91' title='bbox 1528 1003 1885 1076; x_wconf 83' lang='lat'>(226—235),</span> 
     </span>
     <span class='ocr_line' id='line_1_13' title="bbox 198 1083 1885 1145; baseline -0.001 -13"><span class='ocrx_word' id='word_1_92' title='bbox 198 1085 380 1145; x_wconf 88' lang='lat' dir='ltr'>accipit</span> <span class='ocrx_word' id='word_1_93' title='bbox 426 1085 555 1132; x_wconf 89' lang='lat' dir='ltr'>senis</span> <span class='ocrx_word' id='word_1_94' title='bbox 603 1084 822 1132; x_wconf 91' lang='lat' dir='ltr'>consilia.</span> <span class='ocrx_word' id='word_1_95' title='bbox 886 1084 1044 1131; x_wconf 89' lang='lat' dir='ltr'>Docet</span> <span class='ocrx_word' id='word_1_96' title='bbox 1090 1083 1331 1131; x_wconf 90' lang='lat' dir='ltr'>Pataecus</span> <span class='ocrx_word' id='word_1_97' title='bbox 1364 1083 1557 1130; x_wconf 91' lang='lat' dir='ltr'>nullum</span> <span class='ocrx_word' id='word_1_98' title='bbox 1595 1084 1673 1131; x_wconf 89' lang='lat' dir='ltr'>ius</span> <span class='ocrx_word' id='word_1_99' title='bbox 1704 1083 1885 1131; x_wconf 90' lang='lat' dir='ltr'>habere</span> 
     </span>
     <span class='ocr_line' id='line_1_14' title="bbox 197 1150 1885 1222; baseline 0 -18"><span class='ocrx_word' id='word_1_100' title='bbox 197 1158 406 1205; x_wconf 90' lang='lat' dir='ltr'>militem</span> <span class='ocrx_word' id='word_1_101' title='bbox 430 1158 482 1204; x_wconf 90' lang='lat' dir='ltr'>in</span> <span class='ocrx_word' id='word_1_102' title='bbox 507 1158 725 1220; x_wconf 88' lang='lat' dir='ltr'>puellam</span> <span class='ocrx_word' id='word_1_103' title='bbox 741 1157 948 1205; x_wconf 89' lang='lat' dir='ltr'>liberam</span> <span class='ocrx_word' id='word_1_104' title='bbox 974 1158 1181 1205; x_wconf 90' lang='lat' dir='ltr'>conubio</span> <span class='ocrx_word' id='word_1_105' title='bbox 1200 1174 1299 1205; x_wconf 93' lang='lat' dir='ltr'>non</span> <span class='ocrx_word' id='word_1_106' title='bbox 1315 1157 1534 1205; x_wconf 88' lang='lat' dir='ltr'>iunctam</span> <span class='ocrx_word' id='word_1_107' title='bbox 1547 1150 1604 1222; x_wconf 75' lang='lat'>²),</span> <span class='ocrx_word' id='word_1_108' title='bbox 1627 1173 1727 1205; x_wconf 88' lang='lat' dir='ltr'>non</span> <span class='ocrx_word' id='word_1_109' title='bbox 1742 1172 1885 1219; x_wconf 87' lang='lat' dir='ltr'>posse</span> 
     </span>
     <span class='ocr_line' id='line_1_15' title="bbox 198 1231 1887 1294; baseline -0.001 -15"><span class='ocrx_word' id='word_1_110' title='bbox 198 1232 367 1279; x_wconf 88' lang='lat' dir='ltr'>reduci</span> <span class='ocrx_word' id='word_1_111' title='bbox 398 1233 608 1279; x_wconf 87' lang='lat' dir='ltr'>amicam</span> <span class='ocrx_word' id='word_1_112' title='bbox 647 1233 745 1279; x_wconf 89' lang='lat' dir='ltr'>nisi</span> <span class='ocrx_word' id='word_1_113' title='bbox 776 1231 1015 1294; x_wconf 78' lang='lat' dir='ltr'>precibus,</span> <span class='ocrx_word' id='word_1_114' title='bbox 1072 1231 1249 1280; x_wconf 90' lang='lat' dir='ltr'>Manus</span> <span class='ocrx_word' id='word_1_115' title='bbox 1283 1231 1369 1279; x_wconf 88' lang='lat' dir='ltr'>dat</span> <span class='ocrx_word' id='word_1_116' title='bbox 1401 1231 1617 1292; x_wconf 89' lang='lat' dir='ltr'>Polemo,</span> <span class='ocrx_word' id='word_1_117' title='bbox 1650 1232 1887 1292; x_wconf 89' lang='lat' dir='ltr'>impetrat</span> 
     </span>
     <span class='ocr_line' id='line_1_16' title="bbox 201 1298 1886 1372; baseline -0.001 -19"><span class='ocrx_word' id='word_1_118' title='bbox 201 1323 230 1353; x_wconf 89' lang='lat' dir='ltr'>a</span> <span class='ocrx_word' id='word_1_119' title='bbox 254 1306 482 1366; x_wconf 87' lang='lat' dir='ltr'>Pataeco,</span> <span class='ocrx_word' id='word_1_120' title='bbox 513 1309 570 1353; x_wconf 92' lang='lat' dir='ltr'>ut</span> <span class='ocrx_word' id='word_1_121' title='bbox 601 1321 690 1368; x_wconf 92' lang='lat' dir='ltr'>pro</span> <span class='ocrx_word' id='word_1_122' title='bbox 723 1322 773 1354; x_wconf 89' lang='lat' dir='ltr'>se</span> <span class='ocrx_word' id='word_1_123' title='bbox 807 1305 938 1368; x_wconf 92' lang='lat' dir='ltr'>apud</span> <span class='ocrx_word' id='word_1_124' title='bbox 972 1304 1232 1368; x_wconf 84' lang='lat' dir='ltr'>Glyceram</span> <span class='ocrx_word' id='word_1_125' title='bbox 1264 1306 1504 1367; x_wconf 90' lang='lat' dir='ltr'>loquatur</span> <span class='ocrx_word' id='word_1_126' title='bbox 1529 1298 1886 1372; x_wconf 82' lang='lat'>(236—265).</span> 
     </span>
     <span class='ocr_line' id='line_1_17' title="bbox 202 1378 1885 1442; baseline 0 -16"><span class='ocrx_word' id='word_1_127' title='bbox 202 1379 298 1427; x_wconf 87' lang='lat' dir='ltr'>Sed</span> <span class='ocrx_word' id='word_1_128' title='bbox 341 1383 608 1442; x_wconf 87' lang='lat' dir='ltr'>antequam</span> <span class='ocrx_word' id='word_1_129' title='bbox 651 1379 911 1442; x_wconf 84' lang='lat' dir='ltr'>Glyceram</span> <span class='ocrx_word' id='word_1_130' title='bbox 958 1380 1126 1440; x_wconf 89' lang='lat' dir='ltr'>adeat,</span> <span class='ocrx_word' id='word_1_131' title='bbox 1174 1395 1318 1428; x_wconf 86' lang='lat' dir='ltr'>senex</span> <span class='ocrx_word' id='word_1_132' title='bbox 1358 1395 1513 1441; x_wconf 88' lang='lat' dir='ltr'>paene</span> <span class='ocrx_word' id='word_1_133' title='bbox 1559 1381 1756 1427; x_wconf 85' lang='lat' dir='ltr'>coactus</span> <span class='ocrx_word' id='word_1_134' title='bbox 1795 1378 1885 1427; x_wconf 93' lang='lat' dir='ltr'>Po-</span> 
     </span>
     <span class='ocr_line' id='line_1_18' title="bbox 200 1454 1887 1515; baseline -0.001 -14"><span class='ocrx_word' id='word_1_135' title='bbox 200 1454 407 1502; x_wconf 89' lang='lat' dir='ltr'>lemonis</span> <span class='ocrx_word' id='word_1_136' title='bbox 455 1454 599 1502; x_wconf 90' lang='lat' dir='ltr'>aedes</span> <span class='ocrx_word' id='word_1_137' title='bbox 646 1456 817 1515; x_wconf 84' lang='lat' dir='ltr'>intrat,</span> <span class='ocrx_word' id='word_1_138' title='bbox 860 1456 920 1501; x_wconf 94' lang='lat' dir='ltr'>ut</span> <span class='ocrx_word' id='word_1_139' title='bbox 956 1454 1151 1515; x_wconf 90' lang='lat' dir='ltr'>puellae</span> <span class='ocrx_word' id='word_1_140' title='bbox 1184 1455 1484 1501; x_wconf 90' lang='lat' dir='ltr'>vestimenta</span> <span class='ocrx_word' id='word_1_141' title='bbox 1517 1455 1567 1501; x_wconf 91' lang='lat' dir='ltr'>et</span> <span class='ocrx_word' id='word_1_142' title='bbox 1598 1456 1887 1501; x_wconf 89' lang='lat' dir='ltr'>ornamenta</span> 
     </span>
     <span class='ocr_line' id='line_1_19' title="bbox 200 1521 1887 1594; baseline -0.001 -19"><span class='ocrx_word' id='word_1_143' title='bbox 200 1528 529 1590; x_wconf 85' lang='lat' dir='ltr'>pulcherrima</span> <span class='ocrx_word' id='word_1_144' title='bbox 559 1528 771 1589; x_wconf 85' lang='lat' dir='ltr'>aspiciat</span> <span class='ocrx_word' id='word_1_145' title='bbox 803 1521 1159 1594; x_wconf 78' lang='lat'>(266—275).</span> <span class='ocrx_word' id='word_1_146' title='bbox 1223 1527 1289 1574; x_wconf 88' lang='lat' dir='ltr'>Ni</span> <span class='ocrx_word' id='word_1_147' title='bbox 1333 1528 1481 1576; x_wconf 87' lang='lat' dir='ltr'>fallor</span> <span class='ocrx_word' id='word_1_148' title='bbox 1519 1530 1666 1589; x_wconf 88' lang='lat' dir='ltr'>poeta</span> <span class='ocrx_word' id='word_1_149' title='bbox 1706 1526 1887 1575; x_wconf 90' lang='lat' dir='ltr'>idcirco</span> 
     </span>
     <span class='ocr_line' id='line_1_20' title="bbox 202 1601 1888 1663; baseline -0.001 -14"><span class='ocrx_word' id='word_1_150' title='bbox 202 1602 476 1649; x_wconf 85' lang='lat' dir='ltr'>Pataecum</span> <span class='ocrx_word' id='word_1_151' title='bbox 509 1601 747 1663; x_wconf 84' lang='lat' dir='ltr'>Glycerae</span> <span class='ocrx_word' id='word_1_152' title='bbox 782 1604 1071 1650; x_wconf 87' lang='lat' dir='ltr'>ornamenta</span> <span class='ocrx_word' id='word_1_153' title='bbox 1102 1601 1380 1648; x_wconf 87' lang='lat' dir='ltr'>intuentem</span> <span class='ocrx_word' id='word_1_154' title='bbox 1410 1602 1543 1661; x_wconf 87' lang='lat' dir='ltr'>fecit,</span> <span class='ocrx_word' id='word_1_155' title='bbox 1582 1603 1639 1648; x_wconf 85' lang='lat' dir='ltr'>ut</span> <span class='ocrx_word' id='word_1_156' title='bbox 1669 1601 1800 1648; x_wconf 90' lang='lat' dir='ltr'>inter</span> <span class='ocrx_word' id='word_1_157' title='bbox 1831 1617 1888 1648; x_wconf 87' lang='lat' dir='ltr'>ea</span> 
     </span>
     <span class='ocr_line' id='line_1_21' title="bbox 202 1675 1889 1738; baseline -0.001 -16"><span class='ocrx_word' id='word_1_158' title='bbox 202 1676 393 1737; x_wconf 89' lang='lat' dir='ltr'>aliquid</span> <span class='ocrx_word' id='word_1_159' title='bbox 424 1675 628 1736; x_wconf 89' lang='lat' dir='ltr'>videret,</span> <span class='ocrx_word' id='word_1_160' title='bbox 669 1692 726 1723; x_wconf 85' lang='lat' dir='ltr'>ex</span> <span class='ocrx_word' id='word_1_161' title='bbox 759 1692 854 1738; x_wconf 92' lang='lat' dir='ltr'>quo</span> <span class='ocrx_word' id='word_1_162' title='bbox 887 1676 1027 1724; x_wconf 91' lang='lat' dir='ltr'>illam</span> <span class='ocrx_word' id='word_1_163' title='bbox 1059 1675 1214 1723; x_wconf 83' lang='lat' dir='ltr'>filiam</span> <span class='ocrx_word' id='word_1_164' title='bbox 1247 1691 1388 1723; x_wconf 89' lang='lat' dir='ltr'>suam</span> <span class='ocrx_word' id='word_1_165' title='bbox 1420 1690 1522 1723; x_wconf 91' lang='lat' dir='ltr'>esse</span> <span class='ocrx_word' id='word_1_166' title='bbox 1555 1675 1889 1736; x_wconf 90' lang='lat' dir='ltr'>suspicaretur</span> 
     </span>
    </p>

    <p class='ocr_par' dir='ltr' id='par_1_3' title="bbox 154 1748 1891 2186">
     <span class='ocr_line' id='line_1_22' title="bbox 276 1748 1890 1813; baseline 0 -17"><span class='ocrx_word' id='word_1_167' title='bbox 276 1751 403 1797; x_wconf 90' lang='lat' dir='ltr'>Tum</span> <span class='ocrx_word' id='word_1_168' title='bbox 456 1749 624 1811; x_wconf 89' lang='lat' dir='ltr'>prodit</span> <span class='ocrx_word' id='word_1_169' title='bbox 677 1750 917 1811; x_wconf 90' lang='lat' dir='ltr'>Moschio,</span> <span class='ocrx_word' id='word_1_170' title='bbox 973 1766 1171 1813; x_wconf 86' lang='lat' dir='ltr'>gregem</span> <span class='ocrx_word' id='word_1_171' title='bbox 1226 1749 1495 1797; x_wconf 87' lang='lat' dir='ltr'>adversarii</span> <span class='ocrx_word' id='word_1_172' title='bbox 1549 1748 1694 1796; x_wconf 88' lang='lat' dir='ltr'>facile</span> <span class='ocrx_word' id='word_1_173' title='bbox 1749 1748 1890 1809; x_wconf 86' lang='lat' dir='ltr'>pellit</span> 
     </span>
     <span class='ocr_line' id='line_1_23' title="bbox 154 1817 1888 1889; baseline -0.002 -16"><span class='ocrx_word' id='word_1_174' title='bbox 154 1869 157 1873; x_wconf 81' lang='grc'>.</span> <span class='ocrx_word' id='word_1_175' title='bbox 203 1817 567 1889; x_wconf 60' lang='lat' dir='ltr'>(wc—281),</span> <span class='ocrx_word' id='word_1_176' title='bbox 609 1824 728 1885; x_wconf 92' lang='lat' dir='ltr'>quid</span> <span class='ocrx_word' id='word_1_177' title='bbox 772 1823 867 1872; x_wconf 87' lang='lat' dir='ltr'>sibi</span> <span class='ocrx_word' id='word_1_178' title='bbox 897 1824 1031 1870; x_wconf 87' lang='lat' dir='ltr'>intus</span> <span class='ocrx_word' id='word_1_179' title='bbox 1064 1825 1282 1871; x_wconf 83' lang='lat' dir='ltr'>evenerit</span> <span class='ocrx_word' id='word_1_180' title='bbox 1313 1825 1496 1871; x_wconf 89' lang='lat' dir='ltr'>narrat.</span> <span class='ocrx_word' id='word_1_181' title='bbox 1551 1823 1766 1870; x_wconf 91' lang='lat' dir='ltr'>Domum</span> <span class='ocrx_word' id='word_1_182' title='bbox 1804 1838 1888 1884; x_wconf 89' lang='lat' dir='ltr'>pa-</span> 
     </span>
     <span class='ocr_line' id='line_1_24' title="bbox 202 1897 1889 1960; baseline -0.001 -15"><span class='ocrx_word' id='word_1_183' title='bbox 202 1901 394 1945; x_wconf 91' lang='lat' dir='ltr'>ternam</span> <span class='ocrx_word' id='word_1_184' title='bbox 432 1897 684 1960; x_wconf 82' lang='lat' dir='ltr'>ingressus</span> <span class='ocrx_word' id='word_1_185' title='bbox 724 1913 834 1945; x_wconf 91' lang='lat' dir='ltr'>cum</span> <span class='ocrx_word' id='word_1_186' title='bbox 876 1900 1085 1945; x_wconf 88' lang='lat' dir='ltr'>matrem</span> <span class='ocrx_word' id='word_1_187' title='bbox 1134 1902 1182 1944; x_wconf 91' lang='lat' dir='ltr'>et</span> <span class='ocrx_word' id='word_1_188' title='bbox 1227 1898 1445 1959; x_wconf 89' lang='lat' dir='ltr'>puellam</span> <span class='ocrx_word' id='word_1_189' title='bbox 1485 1898 1743 1945; x_wconf 89' lang='lat' dir='ltr'>convenire</span> <span class='ocrx_word' id='word_1_190' title='bbox 1791 1912 1889 1944; x_wconf 92' lang='lat' dir='ltr'>non</span> 
     </span>
     <span class='ocr_line' id='line_1_25' title="bbox 204 1971 1889 2033; baseline -0.001 -14"><span class='ocrx_word' id='word_1_191' title='bbox 204 1974 381 2032; x_wconf 85' lang='lat' dir='ltr'>posset,</span> <span class='ocrx_word' id='word_1_192' title='bbox 413 1972 466 2018; x_wconf 89' lang='lat' dir='ltr'>in</span> <span class='ocrx_word' id='word_1_193' title='bbox 507 1971 730 2019; x_wconf 89' lang='lat' dir='ltr'>cubiculo</span> <span class='ocrx_word' id='word_1_194' title='bbox 773 1972 990 2033; x_wconf 90' lang='lat' dir='ltr'>quodam</span> <span class='ocrx_word' id='word_1_195' title='bbox 1039 1972 1274 2019; x_wconf 89' lang='lat' dir='ltr'>secubans</span> <span class='ocrx_word' id='word_1_196' title='bbox 1316 1971 1512 2018; x_wconf 89' lang='lat' dir='ltr'>Davum</span> <span class='ocrx_word' id='word_1_197' title='bbox 1553 1971 1615 2018; x_wconf 87' lang='lat' dir='ltr'>ad</span> <span class='ocrx_word' id='word_1_198' title='bbox 1660 1971 1889 2017; x_wconf 91' lang='lat' dir='ltr'>mulieres</span> 
     </span>
     <span class='ocr_line' id='line_1_26' title="bbox 203 2043 1891 2108; baseline -0.001 -16"><span class='ocrx_word' id='word_1_199' title='bbox 203 2047 406 2092; x_wconf 88' lang='lat' dir='ltr'>missum</span> <span class='ocrx_word' id='word_1_200' title='bbox 439 2048 823 2106; x_wconf 78' lang='lat' dir='ltr'>exspectaverat.</span> <span class='ocrx_word' id='word_1_201' title='bbox 889 2044 984 2092; x_wconf 85' lang='lat' dir='ltr'>Sed</span> <span class='ocrx_word' id='word_1_202' title='bbox 1022 2046 1108 2092; x_wconf 88' lang='lat' dir='ltr'>ille</span> <span class='ocrx_word' id='word_1_203' title='bbox 1143 2045 1340 2092; x_wconf 93' lang='lat' dir='ltr'>domino</span> <span class='ocrx_word' id='word_1_204' title='bbox 1372 2045 1595 2108; x_wconf 88' lang='lat' dir='ltr'>neglecto</span> <span class='ocrx_word' id='word_1_205' title='bbox 1628 2043 1891 2106; x_wconf 86' lang='lat' dir='ltr'>prandium</span> 
     </span>
     <span class='ocr_line' id='line_1_27' title="bbox 204 2112 1256 2186; baseline 0 -20"><span class='ocrx_word' id='word_1_206' title='bbox 204 2121 434 2180; x_wconf 91' lang='lat' dir='ltr'>paratum</span> <span class='ocrx_word' id='word_1_207' title='bbox 467 2135 725 2182; x_wconf 82' lang='lat' dir='ltr'>aggressus</span> <span class='ocrx_word' id='word_1_208' title='bbox 759 2123 865 2167; x_wconf 88' lang='lat' dir='ltr'>erat</span> <span class='ocrx_word' id='word_1_209' title='bbox 898 2112 1256 2186; x_wconf 77' lang='lat'>(282—300).</span> 
     </span>
    </p>

    <p class='ocr_par' dir='ltr' id='par_1_4' title="bbox 196 2191 1893 2621">
     <span class='ocr_line' id='line_1_28' title="bbox 277 2191 1893 2255; baseline -0.001 -16"><span class='ocrx_word' id='word_1_210' title='bbox 277 2193 384 2239; x_wconf 87' lang='lat' dir='ltr'>Iam</span> <span class='ocrx_word' id='word_1_211' title='bbox 432 2194 682 2253; x_wconf 89' lang='lat' dir='ltr'>permulta</span> <span class='ocrx_word' id='word_1_212' title='bbox 730 2194 894 2241; x_wconf 86' lang='lat' dir='ltr'>deesse</span> <span class='ocrx_word' id='word_1_213' title='bbox 944 2193 1188 2240; x_wconf 88' lang='lat' dir='ltr'>dolemus:</span> <span class='ocrx_word' id='word_1_214' title='bbox 1237 2193 1375 2240; x_wconf 89' lang='lat' dir='ltr'>Inter</span> <span class='ocrx_word' id='word_1_215' title='bbox 1421 2193 1653 2240; x_wconf 91' lang='lat' dir='ltr'>ultimum</span> <span class='ocrx_word' id='word_1_216' title='bbox 1685 2192 1796 2240; x_wconf 85' lang='lat' dir='ltr'>folii</span> <span class='ocrx_word' id='word_1_217' title='bbox 1827 2191 1893 2255; x_wconf 76' lang='lat' dir='ltr'>E4</span> 
     </span>
     <span class='ocr_line' id='line_1_29' title="bbox 207 2265 1891 2328; baseline -0.001 -14"><span class='ocrx_word' id='word_1_218' title='bbox 207 2265 450 2314; x_wconf 86' lang='lat' dir='ltr'>Gairensis</span> <span class='ocrx_word' id='word_1_219' title='bbox 497 2283 695 2315; x_wconf 90' lang='lat' dir='ltr'>versum</span> <span class='ocrx_word' id='word_1_220' title='bbox 750 2269 799 2314; x_wconf 90' lang='lat' dir='ltr'>et</span> <span class='ocrx_word' id='word_1_221' title='bbox 843 2267 1061 2328; x_wconf 89' lang='lat' dir='ltr'>primum</span> <span class='ocrx_word' id='word_1_222' title='bbox 1108 2268 1314 2315; x_wconf 84' lang='lat' dir='ltr'>alterius</span> <span class='ocrx_word' id='word_1_223' title='bbox 1368 2266 1574 2314; x_wconf 90' lang='lat' dir='ltr'>schedae</span> <span class='ocrx_word' id='word_1_224' title='bbox 1620 2265 1891 2326; x_wconf 87' lang='lat' dir='ltr'>Lipsiensis</span> 
     </span>
     <span class='ocr_line' id='line_1_30' title="bbox 205 2340 1890 2401; baseline 0 -15"><span class='ocrx_word' id='word_1_225' title='bbox 205 2341 561 2388; x_wconf 86' lang='lat' dir='ltr'>interciderunt</span> <span class='ocrx_word' id='word_1_226' title='bbox 603 2343 708 2388; x_wconf 84' lang='lat'>240</span> <span class='ocrx_word' id='word_1_227' title='bbox 733 2367 788 2372; x_wconf 85' lang='lat'>—</span> <span class='ocrx_word' id='word_1_228' title='bbox 818 2343 884 2387; x_wconf 82' lang='lat'>23</span> <span class='ocrx_word' id='word_1_229' title='bbox 913 2362 967 2377; x_wconf 86' lang='lat'>==</span> <span class='ocrx_word' id='word_1_230' title='bbox 996 2343 1098 2387; x_wconf 82' lang='lat'>217</span> <span class='ocrx_word' id='word_1_231' title='bbox 1135 2356 1317 2401; x_wconf 89' lang='lat' dir='ltr'>versus,</span> <span class='ocrx_word' id='word_1_232' title='bbox 1367 2340 1451 2387; x_wconf 89' lang='lat' dir='ltr'>sed</span> <span class='ocrx_word' id='word_1_233' title='bbox 1481 2340 1603 2386; x_wconf 90' lang='lat' dir='ltr'>haec</span> <span class='ocrx_word' id='word_1_234' title='bbox 1626 2340 1803 2386; x_wconf 88' lang='lat' dir='ltr'>lacuna</span> <span class='ocrx_word' id='word_1_235' title='bbox 1835 2354 1890 2386; x_wconf 91' lang='lat' dir='ltr'>eo</span> 
     </span>
     <span class='ocr_line' id='line_1_31' title="bbox 204 2412 1892 2476; baseline -0.002 -15"><span class='ocrx_word' id='word_1_236' title='bbox 204 2416 460 2474; x_wconf 90' lang='lat' dir='ltr'>minuitur,</span> <span class='ocrx_word' id='word_1_237' title='bbox 517 2414 647 2475; x_wconf 91' lang='lat' dir='ltr'>quod</span> <span class='ocrx_word' id='word_1_238' title='bbox 694 2415 1027 2476; x_wconf 87' lang='lat' dir='ltr'>fragmentum</span> <span class='ocrx_word' id='word_1_239' title='bbox 1074 2414 1119 2460; x_wconf 88' lang='lat' dir='ltr'><strong>K</strong></span> <span class='ocrx_word' id='word_1_240' title='bbox 1169 2413 1395 2461; x_wconf 83' lang='lat' dir='ltr'>Cairense</span> <span class='ocrx_word' id='word_1_241' title='bbox 1446 2414 1527 2460; x_wconf 91' lang='lat' dir='ltr'>hic</span> <span class='ocrx_word' id='word_1_242' title='bbox 1580 2412 1892 2460; x_wconf 89' lang='lat' dir='ltr'>inserendum</span> 
     </span>
     <span class='ocr_line' id='line_1_32' title="bbox 196 2484 1892 2550; baseline 0 -18"><span class='ocrx_word' id='word_1_243' title='bbox 196 2503 310 2535; x_wconf 81' lang='lat' dir='ltr'>esse</span> <span class='ocrx_word' id='word_1_244' title='bbox 357 2490 565 2535; x_wconf 88' lang='lat' dir='ltr'>constat.</span> <span class='ocrx_word' id='word_1_245' title='bbox 630 2487 769 2535; x_wconf 90' lang='lat' dir='ltr'>Licet</span> <span class='ocrx_word' id='word_1_246' title='bbox 807 2491 972 2535; x_wconf 90' lang='lat' dir='ltr'>autem</span> <span class='ocrx_word' id='word_1_247' title='bbox 1015 2488 1117 2534; x_wconf 88' lang='lat' dir='ltr'>eius</span> <span class='ocrx_word' id='word_1_248' title='bbox 1157 2489 1425 2550; x_wconf 87' lang='lat' dir='ltr'>fragmenti</span> <span class='ocrx_word' id='word_1_249' title='bbox 1463 2484 1627 2534; x_wconf 92' lang='lat' dir='ltr'>locum</span> <span class='ocrx_word' id='word_1_250' title='bbox 1667 2488 1892 2534; x_wconf 82' lang='lat' dir='ltr'>accurate</span> 
     </span>
     <span class='ocr_line' id='line_1_33' title="bbox 208 2560 1893 2621; baseline -0.001 -13"><span class='ocrx_word' id='word_1_251' title='bbox 208 2561 428 2608; x_wconf 85' lang='lat' dir='ltr'>definire:</span> <span class='ocrx_word' id='word_1_252' title='bbox 493 2577 609 2621; x_wconf 85' lang='lat' dir='ltr'>pars</span> <span class='ocrx_word' id='word_1_253' title='bbox 671 2562 873 2609; x_wconf 81' lang='lat' dir='ltr'>inferior</span> <span class='ocrx_word' id='word_1_254' title='bbox 930 2565 1003 2609; x_wconf 90' lang='lat' dir='ltr'>est</span> <span class='ocrx_word' id='word_1_255' title='bbox 1058 2561 1261 2609; x_wconf 89' lang='lat' dir='ltr'>schedae</span> <span class='ocrx_word' id='word_1_256' title='bbox 1318 2560 1597 2621; x_wconf 86' lang='lat' dir='ltr'>incipientis</span> <span class='ocrx_word' id='word_1_257' title='bbox 1654 2576 1683 2607; x_wconf 88' lang='lat' dir='ltr'>a</span> <span class='ocrx_word' id='word_1_258' title='bbox 1737 2575 1893 2619; x_wconf 89' lang='lat' dir='ltr'>verso,</span> 
     </span>
    </p>
   </div>
   <div class='ocr_carea' id='block_1_3' title="bbox 210 2750 1886 2875">
    <p class='ocr_par' dir='ltr' id='par_1_5' title="bbox 210 2750 1886 2875">
     <span class='ocr_line' id='line_1_34' title="bbox 284 2750 1886 2816; baseline -0.002 -13"><span class='ocrx_word' id='word_1_259' title='bbox 284 2763 324 2815; x_wconf 85' lang='lat'>1)</span> <span class='ocrx_word' id='word_1_260' title='bbox 357 2761 451 2804; x_wconf 91' lang='lat' dir='ltr'>Hos</span> <span class='ocrx_word' id='word_1_261' title='bbox 476 2761 668 2816; x_wconf 88' lang='lat' dir='ltr'>paulum</span> <span class='ocrx_word' id='word_1_262' title='bbox 694 2759 936 2803; x_wconf 83' lang='lat' dir='ltr'>recessisse</span> <span class='ocrx_word' id='word_1_263' title='bbox 960 2773 1052 2802; x_wconf 91' lang='lat' dir='ltr'>non</span> <span class='ocrx_word' id='word_1_264' title='bbox 1076 2759 1320 2815; x_wconf 82' lang='lat' dir='ltr'>reliquisse</span> <span class='ocrx_word' id='word_1_265' title='bbox 1346 2772 1558 2802; x_wconf 83' lang='lat' dir='ltr'>scaenam</span> <span class='ocrx_word' id='word_1_266' title='bbox 1584 2772 1608 2802; x_wconf 92' lang='lat' dir='ltr'>e</span> <span class='ocrx_word' id='word_1_267' title='bbox 1632 2773 1673 2803; x_wconf 90' lang='lat' dir='ltr'>v.</span> <span class='ocrx_word' id='word_1_268' title='bbox 1695 2750 1778 2801; x_wconf 70' lang='grc' dir='ltr'>2Ίό</span> <span class='ocrx_word' id='word_1_269' title='bbox 1789 2773 1886 2814; x_wconf 86' lang='lat' dir='ltr'>sqq.</span> 
     </span>
     <span class='ocr_line' id='line_1_35' title="bbox 210 2819 514 2875; baseline -0.003 -13"><span class='ocrx_word' id='word_1_270' title='bbox 210 2819 514 2875; x_wconf 86' lang='lat' dir='ltr'>cognoscitur.</span> 
     </span>
    </p>
   </div>
   <div class='ocr_carea' id='block_1_4' title="bbox 211 2877 1888 2993">
    <p class='ocr_par' dir='ltr' id='par_1_6' title="bbox 211 2877 1888 2993">
     <span class='ocr_line' id='line_1_36' title="bbox 283 2877 1888 2933; baseline 0 -13"><span class='ocrx_word' id='word_1_271' title='bbox 283 2880 325 2932; x_wconf 78' lang='lat'>2)</span> <span class='ocrx_word' id='word_1_272' title='bbox 361 2878 559 2933; x_wconf 84' lang='lat' dir='ltr'>Legibus</span> <span class='ocrx_word' id='word_1_273' title='bbox 587 2878 755 2920; x_wconf 87' lang='lat' dir='ltr'>Atticis</span> <span class='ocrx_word' id='word_1_274' title='bbox 788 2877 923 2919; x_wconf 90' lang='lat' dir='ltr'>licuit</span> <span class='ocrx_word' id='word_1_275' title='bbox 950 2877 1189 2920; x_wconf 87' lang='lat' dir='ltr'>Polemoni</span> <span class='ocrx_word' id='word_1_276' title='bbox 1221 2877 1478 2920; x_wconf 87' lang='lat' dir='ltr'>interficere</span> <span class='ocrx_word' id='word_1_277' title='bbox 1513 2879 1673 2931; x_wconf 84' lang='grc' dir='ltr'>μοιχὸν</span> <span class='ocrx_word' id='word_1_278' title='bbox 1705 2878 1888 2930; x_wconf 79' lang='grc' dir='ltr'>λαβόντι</span> 
     </span>
     <span class='ocr_line' id='line_1_37' title="bbox 211 2935 1887 2993; baseline -0.002 -13"><span class='ocrx_word' id='word_1_279' title='bbox 211 2939 281 2980; x_wconf 79' lang='grc' dir='ltr'>ἐπὶ</span> <span class='ocrx_word' id='word_1_280' title='bbox 313 2941 537 2993; x_wconf 84' lang='grc' dir='ltr'>παλλακῇ,</span> <span class='ocrx_word' id='word_1_281' title='bbox 570 2938 629 2990; x_wconf 86' lang='grc' dir='ltr'>ἣν</span> <span class='ocrx_word' id='word_1_282' title='bbox 663 2939 718 2979; x_wconf 88' lang='grc' dir='ltr'>ἂν</span> <span class='ocrx_word' id='word_1_283' title='bbox 752 2937 821 2980; x_wconf 77' lang='grc' dir='ltr'>ἐπ’</span> <span class='ocrx_word' id='word_1_284' title='bbox 857 2938 1110 2990; x_wconf 75' lang='grc' dir='ltr'>ἐλευθέροις</span> <span class='ocrx_word' id='word_1_285' title='bbox 1142 2939 1291 2980; x_wconf 79' lang='grc' dir='ltr'>παιεὶν</span> <span class='ocrx_word' id='word_1_286' title='bbox 1324 2938 1403 2992; x_wconf 82' lang='grc' dir='ltr'>ἔχῃ</span> <span class='ocrx_word' id='word_1_287' title='bbox 1447 2936 1592 2992; x_wconf 91' lang='lat' dir='ltr'>(Dem.</span> <span class='ocrx_word' id='word_1_288' title='bbox 1621 2935 1770 2978; x_wconf 88' lang='lat' dir='ltr'>XXIII</span> <span class='ocrx_word' id='word_1_289' title='bbox 1799 2937 1887 2989; x_wconf 86' lang='lat'><strong>53).</strong></span> 
     </span>
    </p>
   </div>
  </div>
 </body>
</html>
