2032 3162
780 140 1120 186 PRAEFATIO
1611 141 1802 184 XXXIX
1859 192 1861 194 ,

569 312 657 360 DE
692 311 960 360 FABULA
992 310 1287 358 INCERTA
1321 311 1358 359 I.

193 432 311 479 Tria
350 432 633 494 fragmenta
669 429 724 491 L,
756 430 811 491 P,
847 429 879 477 S
920 429 980 477 ab
1020 429 1246 477 Arnimio
1287 432 1338 477 et
1384 429 1551 477 Riccio
1600 428 1813 476 feliciter

120 506 381 554 coniuncta
412 505 613 552 fabulae
647 505 850 565 quintae
881 503 1119 565 reliquias
1152 503 1301 551 exiles
1335 505 1612 563 servarunt,
1646 519 1671 549 e
1706 503 1813 564 qui-

119 580 211 628 bus
233 579 408 627 umbra
439 580 616 626 saltem
640 580 795 626 totius
821 579 1104 640 argumenti
1128 579 1326 625 restitui
1359 579 1538 639 potest.
1594 576 1817 625 Moschio

120 653 348 702 Lachetis
395 653 526 700 fflius
581 654 631 700 et
686 652 903 700 Chaerea
958 651 1294 700 adulescentes
1350 651 1679 699 Athenienses
1728 644 1811 716 (9)

122 727 326 776 eandem
358 727 577 788 puellam
610 730 793 774 amant.
848 726 944 773 Hic
966 726 1155 773 minore
1184 725 1359 773 ardore
1384 726 1580 789 flagrat,
1614 724 1697 771 sed
1721 724 1819 772 sibi

125 819 155 850 a
185 801 474 863 parentibus
505 801 751 863 virginem
776 801 1077 849 destinatam
1108 814 1212 848 esse
1239 801 1473 861 opinatus
1499 792 1611 865 (16,
1637 799 1704 846 46
1720 791 1816 863 sq.)

124 891 282 937 neque
315 892 423 923 eam
456 876 625 924 cedere
658 875 815 923 amico
850 867 942 940 (12
957 867 1105 940 sqq),
1136 890 1298 935 neque
1332 889 1551 922 sororem
1576 873 1817 920 Moschio-

122 951 213 1012 nis,
260 949 490 997 Lachetis
522 949 692 1010 filiam,
738 951 791 996 in
831 948 1204 996 matrimonium
1244 948 1419 996 ducere
1450 948 1560 995 vult
1600 940 1818 1013 (15sq.).

122 1024 322 1072 Interea
346 1023 563 1072 Moschio
588 1023 756 1084 puella
779 1024 969 1085 potitus
993 1024 1069 1070 est
1093 1017 1321 1088 (13sqq.,
1348 1024 1418 1070 40
1430 1016 1560 1087 sqq.)
1587 1024 1636 1068 et
1658 1020 1820 1068 filium

123 1114 182 1146 ex
214 1113 272 1146 ea
295 1113 580 1159 procreasse
603 1097 802 1145 videtur
820 1090 914 1163 (50
926 1090 1036 1162 sq).
1070 1096 1191 1143 Post
1207 1111 1349 1144 casus
1372 1098 1537 1144 nescio
1564 1111 1685 1157 quos
1712 1111 1819 1142 eam

123 1173 175 1219 in
206 1173 580 1220 matrimonium
612 1172 755 1220 duxit
788 1164 878 1237 (41
893 1166 990 1235 sq.)
1029 1173 1172 1232 patre
1213 1172 1317 1219 eius
1361 1172 1621 1218 annuente.
1683 1168 1821 1216 Inter

123 1247 317 1308 patrem
356 1249 406 1294 et
444 1261 668 1294 socerum
707 1245 1008 1293 Moschionis
1049 1244 1342 1292 inimicitiae
1382 1245 1716 1292 intercessisse
1747 1244 1819 1290 vi-

125 1321 318 1380 dentur,
364 1337 482 1368 nam
530 1320 657 1368 alter
705 1320 918 1367 alterum
963 1319 1078 1366 huic
1125 1319 1442 1366 matrimonio
1505 1334 1605 1365 non
1654 1318 1820 1365 favere

126 1394 283 1443 credit
330 1387 422 1458 (43
435 1387 579 1459 sqq).
647 1394 752 1450 Quo
795 1409 956 1441 errore
1005 1392 1248 1440 dissoluto
1298 1394 1464 1440 omnia
1520 1392 1581 1440 ad
1634 1392 1821 1439 bonum

128 1470 313 1516 exitum
337 1470 631 1530 pervenisse,
662 1467 928 1515 Chaeream
946 1466 1176 1514 Lachetis
1193 1466 1351 1514 filiam
1376 1466 1573 1514 duxisse
1600 1467 1822 1528 apparet.

131 1542 321 1590 Scheda
377 1545 573 1590 servata
619 1543 670 1588 in
716 1544 932 1589 extremo
981 1544 1097 1588 actu
1135 1541 1299 1588 locum
1345 1542 1577 1589 habuisse
1608 1540 1819 1588 videtur.

127 1616 345 1663 Primum
379 1617 731 1678 colloquuntur
765 1615 987 1663 Chaerea
1019 1618 1068 1662 et
1099 1614 1303 1675 Laches,
1352 1618 1463 1662 tum
1512 1631 1569 1662 ex
1618 1614 1822 1662 aedibus

126 1690 294 1752 prodit
324 1691 623 1738 Moschionis
656 1706 793 1738 socer
827 1683 962 1755 (18),
993 1691 1169 1751 postea
1209 1688 1429 1737 Chaerea
1462 1689 1579 1738 abit.

203 1764 492 1812 Notandum
546 1766 622 1812 est
674 1764 881 1811 verbum
937 1759 1236 1812 ἀναίνεεθαι
1284 1780 1374 1825 pro
1424 1764 1824 1825 „matrimonium

128 1837 416 1901 repudiare“
443 1854 693 1886 occurrere
713 1839 766 1884 in
793 1854 939 1886 versu
969 1839 1050 1898 15,
1076 1838 1208 1899 quod
1224 1837 1551 1885 Menandrum
1570 1838 1663 1885 hoc
1680 1852 1825 1884 sensu

129 1914 181 1959 in
192 1913 421 1975 Sicyonio
435 1929 581 1960 usum
596 1928 698 1960 esse
712 1914 926 1961 testatur
936 1911 1265 1973 Harpocratio
1275 1905 1329 1977 (1
1339 1913 1386 1972 6,
1400 1914 1425 1959 1
1437 1914 1464 1958 7
1478 1934 1532 1948 =
1543 1912 1711 1958 fr.446
1725 1903 1824 1976 K),

131 1986 216 2035 sed
246 1987 392 2034 huius
424 1987 623 2034 fabulae
655 1988 935 2049 fragmenta
959 1989 1064 2033 tam
1097 1986 1227 2033 male
1253 1986 1502 2047 quadrant
1528 1986 1589 2033 ad
1615 2001 1673 2033 03
1697 2000 1824 2046 quae

131 2061 184 2107 in
215 2061 393 2108 scheda
441 2063 727 2121 narrantur,
776 2064 833 2108 ut
878 2060 1083 2106 titulum
1132 2059 1351 2121 Sicyonii
1399 2061 1444 2107 ei
1491 2059 1824 2121 praescribere

132 2136 388 2182 noluerim.

771 2252 860 2299 DE
892 2251 1172 2300 GEORGO.

208 2371 320 2418 Una
360 2371 536 2418 scheda
572 2369 769 2435 Georgi,
811 2387 935 2431 quae
979 2371 1136 2417 adhuc
1178 2370 1410 2430 innotuit,
1456 2385 1585 2417 anno
1622 2370 1761 2417 1897
1797 2386 1826 2416 a

139 2443 350 2507 Georgio
384 2445 558 2492 Nicole
589 2446 642 2491 in
674 2445 905 2508 Aegypto
946 2447 1234 2505 comparata
1275 2446 1369 2504 est,
1409 2443 1493 2491 ubi
1524 2443 1726 2490 inventa
1758 2443 1827 2490 sit

136 2533 233 2565 non
282 2513 537 2583 constat.¹)
581 2518 690 2565 Iam
729 2519 861 2565 inter
902 2534 1117 2580 papyros
1157 2517 1486 2565 bibliothecae
1528 2516 1824 2565 Genevensis

138 2607 398 2638 numerum
443 2595 613 2654 portat
662 2594 782 2639 155.
830 2592 950 2639 Post
998 2593 1264 2639 editionem
1304 2593 1578 2653 principem
1626 2589 1827 2652 Georgii

140 2666 315 2712 Nicole
359 2666 580 2713 chartam
637 2668 1003 2714 accuratissime
1061 2668 1451 2728 recognoverunt
1506 2663 1722 2712 Grenfell
1778 2667 1827 2711 et

140 2738 302 2799 Hunt,
343 2755 432 2803 ego
466 2754 575 2786 eam
608 2742 795 2787 aestate
830 2741 946 2787 anni
983 2741 1120 2788 1906
1154 2741 1438 2798 retractavi,
1464 2739 1627 2801 imago
1652 2739 1824 2799 photo-

217 2896 258 2950 1)
290 2895 446 2950 Abydi
477 2908 582 2938 eam
612 2896 848 2950 repertam
881 2908 979 2937 esse
1020 2894 1238 2937 dixerunt
1268 2893 1445 2936 Arabes
1487 2894 1567 2948 qui
1605 2893 1827 2936 vendide-

142 2954 263 3006 runt,
297 2954 377 2996 sed
410 2967 486 2997 eos
519 2953 792 3009 plerumque
825 2953 1013 2997 mentiri
1045 2956 1201 2996 monet
1233 2952 1408 2996 Nicole.
