2032 3162
815 139 1155 184 PRAEFATIO
1733 139 1834 183 XLI

144 283 319 330 ducere
345 275 630 348 (22—31),
662 280 746 330 sed
769 282 919 343 patri,
951 281 1037 343 qui
1069 281 1115 327 ei
1143 282 1300 342 ipsius
1326 296 1542 328 sororem
1568 296 1592 327 e
1620 296 1835 329 noverca

144 357 443 419 superducta
482 356 703 420 genitam
740 357 794 403 in
831 354 1205 403 matrimonium
1237 354 1354 402 dare
1394 354 1676 414 constituit,
1714 357 1832 402 resi-

144 434 272 479 stere
303 432 502 479 veretur
532 422 664 496 (1—
672 423 780 497 21).
820 429 957 476 Haec
987 429 1089 476 fere
1123 429 1289 477 omnia
1321 429 1552 477 discimus
1577 444 1603 476 e
1628 429 1695 475 87
1726 445 1832 476 ver·

144 504 277 553 sibus
308 505 531 553 servatis
574 503 635 551 In
665 504 828 566 prima
859 519 1038 552 scaena
1062 502 1285 551 videmus
1318 502 1681 550 adulescentem
1718 506 1833 550 ante

142 578 396 641 Myrrinae
444 578 625 627 ostium
636 571 695 644 ¹),
751 578 879 639 quod
928 577 1126 639 pulsare
1180 593 1278 625 non
1328 576 1499 637 audet,
1546 576 1833 637 deliberare,

143 652 390 713 dubitare,
459 653 659 700 tandem
721 652 847 699 nihil
902 667 1076 700 ausum
1130 651 1281 698 abire.
1369 650 1532 698 Huius
1579 615 1833 713 soliloquii

141 728 335 788 partem
378 728 595 788 priorem
642 728 873 775 amissam
920 726 1123 788 respicit
1171 724 1510 781 Quintilianus
1558 740 1667 772 cum
1710 724 1835 773 dicit

140 800 226 860 XI,
260 802 307 861 3,
342 803 406 849 91
443 816 583 861 „cum
615 800 741 847 mihi
772 800 993 848 comoedi
1025 815 1222 861 quoque
1253 801 1462 861 pessime
1507 799 1666 846 facere
1698 799 1832 847 vide-

143 877 303 935 antur,
337 874 483 936 quod,
516 876 666 922 etiam
699 874 740 923 si
772 874 998 923 iuvenem
1040 876 1213 937 agant,
1247 890 1357 922 cum
1395 875 1563 921 tamen
1601 873 1654 920 in
1686 890 1830 935 expo-

143 948 319 996 sitione
383 951 470 996 aut
524 951 653 997 senis
709 964 889 1008 sermo,
952 950 1009 995 ut
1069 949 1121 994 in
1176 947 1396 1010 Hydriae
1450 947 1680 1009 prolog0,
1742 950 1832 995 aut

140 1023 389 1086 mulieris,
443 1026 500 1071 ut
545 1024 599 1070 in
647 1021 862 1087 Georgo,
912 1022 1112 1083 incidit,
1166 1022 1381 1070 tremula
1422 1021 1501 1069 vel
1548 1021 1833 1069 effeminata

140 1112 258 1144 voce
315 1095 685 1159 pronuntiant“.
761 1097 820 1144 In
875 1113 1071 1145 scenam
1126 1112 1334 1144 vacuam
1386 1096 1553 1158 prodit
1609 1095 1834 1156 Myrrina

142 1186 252 1218 cum
306 1171 540 1219 Philinna
603 1172 819 1233 anicula,
880 1173 959 1220 cui
1012 1171 1143 1218 filiae
1196 1171 1532 1218 condicionem
1579 1169 1832 1217 difficilem

140 1246 339 1306 aperuit
378 1239 683 1311 (22—31).
760 1245 840 1292 Ad
895 1261 1016 1307 quas
1062 1261 1176 1293 mox
1224 1244 1412 1293 accedit
1461 1245 1632 1292 Davus
1679 1244 1833 1292 vicini

142 1333 313 1367 servus
359 1320 773 1368 insolentissimus
820 1336 931 1367 rure
978 1319 1146 1367 redux.
1214 1318 1311 1367 Hic
1356 1319 1608 1380 Myrrinae
1665 1319 1833 1366 omnia

142 1409 268 1454 quae
303 1394 434 1455 apud
469 1393 784 1441 Oleaenetum
816 1396 957 1457 gesta
989 1395 1105 1442 sunt
1136 1395 1349 1453 enarrat,
1382 1409 1490 1440 eam
1538 1393 1667 1439 senis
1719 1407 1829 1440 con-

143 1467 311 1514 silium
350 1468 546 1529 puellae
586 1468 836 1516 ducendae
876 1468 1090 1516 libenter
1128 1469 1443 1528 accepturam
1483 1482 1585 1515 esse
1618 1466 1830 1515 confisus

140 1535 424 1607 (31—84).
465 1542 534 1588 At
564 1542 669 1602 illa,
700 1544 966 1604 postquam
997 1542 1170 1590 Davus
1204 1542 1392 1589 domini
1424 1541 1565 1589 aedes
1605 1541 1831 1601 intravit,

139 1630 329 1663 summo
364 1632 546 1679 angore
578 1616 834 1678 trepidans
866 1616 1127 1663 Philinnae
1174 1617 1432 1677 quaerenti
1478 1615 1687 1678 detegit,
1722 1613 1828 1663 Gle-

141 1691 382 1751 aenetum,
402 1690 487 1752 qui
506 1707 615 1748 eum
643 1690 817 1738 ducere
842 1691 967 1751 vult,
990 1691 1186 1752 puellae
1211 1692 1404 1752 patrem
1423 1704 1526 1737 esse
1545 1681 1750 1754 (84—8
1761 1682 1830 1755 7).

213 1762 347 1819 Quae
366 1764 698 1825 sequebantur
715 1765 926 1828 caligine
943 1768 1249 1827 premuntur,
1276 1764 1360 1811 sed
1385 1763 1625 1811 nonnulla
1650 1778 1829 1827 cogno-

138 1839 209 1886 sci
239 1842 469 1899 possunt:
511 1838 642 1886 Rure
676 1838 981 1887 advenerunt
1022 1838 1310 1886 Oleaenetus
1351 1842 1400 1885 et
1440 1837 1648 1901 Gorgias
1693 1830 1828 1903 (76).

137 1910 282 1959 Hunc
321 1913 555 1960 iniuriam
604 1913 760 1960 sorori
800 1913 996 1961 illatam
1038 1929 1337 1976 magnopere
1383 1911 1700 1974 indignatum
1742 1912 1829 1957 ille

138 1985 376 2033 delenivit
408 1980 489 2052 (fr.
526 1988 574 2047 2,
609 1980 680 2053 3),
712 2003 772 2034 ne
796 1989 1081 2036 vitiatorem
1113 1987 1162 2033 in
1196 1986 1272 2034 ius
1304 1988 1507 2034 vocaret
1539 1985 1830 2033 dehortatus

138 2062 212 2107 est
237 2054 319 2125 (fr.
350 2054 418 2126 1).
459 2060 839 2109 Adulescentem
870 2061 1074 2110 divitem
1102 2063 1189 2108 aut
1215 2059 1503 2108 Cleaenetus
1530 2062 1616 2106 aut
1640 2059 1828 2107 amicus

139 2133 319 2195 aliquis
353 2135 631 2195 admonuit,
671 2137 729 2182 ut
767 2136 1145 2183 matrimonium
1178 2151 1206 2181 a
1238 2137 1380 2196 patre
1421 2134 1642 2182 oblatum
1685 2148 1828 2195 repu-

139 2207 299 2255 diaret
332 2202 414 2273 (fr.
450 2203 520 2274 5).
566 2209 690 2256 Rem
721 2209 794 2257 ita
826 2210 1048 2269 cessisse,
1090 2212 1148 2256 ut
1179 2210 1365 2273 agnitis
1398 2208 1567 2255 liberis
1600 2223 1628 2254 a
1662 2205 1827 2254 Cleae-

137 2284 251 2329 neto
289 2282 574 2331 adulescens
615 2284 750 2331 dives
790 2284 1008 2345 puellam
1053 2299 1081 2330 a
1120 2286 1260 2345 patre
1303 2283 1526 2329 dotatam
1566 2284 1617 2328 in
1656 2281 1828 2328 matri-

138 2357 357 2403 monium
392 2357 605 2417 duceret,
638 2358 758 2405 satis
792 2360 978 2405 certum
1013 2360 1097 2404 est.

704 2505 792 2552 DE
831 2505 1246 2553 CITHARISTA.

215 2592 598 2641 Wilamowitzio
647 2594 883 2641 suadente
931 2594 1210 2641 comoediae
1265 2594 1501 2654 reliquias
1558 2592 1617 2639 ab
1673 2608 1728 2639 eo
1778 2594 1828 2638 et

142 2665 415 2714 Schubarto
448 2684 605 2729 nuper
639 2667 796 2715 editas
810 2662 850 2733 2)
884 2668 935 2714 in
968 2668 1094 2715 hanc
1127 2668 1393 2714 editionem
1425 2667 1608 2727 recepi,
1654 2681 1825 2727 quam-

141 2755 287 2800 quam
315 2756 395 2788 eas
420 2741 679 2788 Menandri
705 2757 808 2789 esse
834 2744 963 2789 certe
991 2742 1318 2788 demonstrari
1340 2757 1438 2788 non
1463 2742 1637 2800 potest.
1684 2738 1825 2794 Quod

222 2899 264 2950 1)
297 2895 437 2938 Binas
455 2896 591 2939 aedes
617 2896 665 2938 in
685 2910 851 2939 scaena
869 2896 1012 2939 fuisse
1029 2896 1264 2951 Myrrinae
1283 2898 1330 2939 et
1348 2895 1504 2938 divitis
1522 2895 1662 2938 vicini
1679 2896 1825 2949 patet.

218 2956 259 3009 2)
294 2953 503 2997 Berliner
534 2954 901 2999 Klassikertexte
935 2955 1045 2998 Heft
1070 2955 1125 3009 V,
1153 2960 1191 3009 2,
1221 2961 1303 2998 115
1337 2955 1431 2998 tab.
1466 2954 1540 2996 VI.
