2032 3162
755 127 1095 172 PRAEFATIO
1657 128 1786 174 XVII

84 261 145 333 :f
161 268 559 316 Fundamentum
603 267 759 315 totius
807 268 1092 316 comoediae
1136 267 1288 315 Heroi
1334 268 1437 316 fere
1480 268 1641 316 simile
1692 271 1782 319 est.

86 341 338 390 Charisius
378 340 713 391 Chaerestrati
750 340 907 402 filius,
954 341 1240 391 adulescens
1287 341 1424 390 dives
1465 342 1781 404 Tauropoliis
1847 339 1849 341 ’

82 416 249 465 ebrius
294 415 348 464 in
385 416 635 478 virginum
676 416 850 463 choros
897 415 1046 462 irruit
1091 418 1141 463 et
1171 415 1488 477 Pamphilam
1524 415 1780 465 Smicrinis

80 490 252 551 filiam,
295 490 538 553 virginem
576 489 834 551 pulchram
872 489 1075 538 vitiavit
1116 490 1262 537 anulo
1310 490 1362 536 in
1403 490 1508 538 eius
1549 490 1779 537 manibus

79 564 267 613 relicto.
312 561 436 612 Cum
458 566 571 626 post
595 565 836 625 quattuor
865 564 967 611 fere
999 579 1189 611 menses
1222 563 1427 612 eandem
1451 564 1698 627 virginem
1722 565 1775 611 in

79 638 453 686 matrimonium
484 637 698 698 duceret,
729 653 890 699 neque
921 637 1026 699 ipse
1051 638 1272 699 puellam
1296 638 1539 686 violatam
1568 638 1776 700 agnovit

80 727 236 774 neque
261 707 334 759 ab'
353 711 443 759 illa
469 711 667 775 agnitus
693 714 780 759 est.
826 710 1053 773 Quinque
1078 711 1328 759 mensibus
1361 714 1489 773 post,
1522 712 1639 758 dum
1672 728 1779 759 ma-

80 787 205 834 ritus
223 785 410 834 diutius
429 785 490 832 ab
507 785 680 833 Attica
697 785 836 833 abest
859 786 1024 833 nescio
1044 786 1220 847 quibus
1246 787 1460 849 negotiis
1488 788 1775 846 occupatus,

81 859 343 921 Pamphila
375 859 505 907 clam
534 861 670 921 parit
699 859 875 920 filium,
909 876 1054 921 quem
1095 859 1279 907 additis
1320 875 1432 907 cum
1475 860 1587 907 aliis
1631 876 1775 909 orna-

79 935 261 982 mentis
292 936 403 981 tum
436 933 584 981 anulo
614 935 773 995 patris
804 934 966 996 ignoti
1008 949 1097 996 per
1130 933 1443 996 Sophronam
1473 935 1716 981 nutricem
1735 928 1779 1000 1)

78 1009 133 1055 in
162 1023 362 1055 nemore
394 1007 734 1069 exponendum
767 1011 922 1056 curat.
962 1007 1032 1055 At
1063 1006 1321 1056 Onesimus
1356 1006 1569 1055 Charisii
1608 1023 1777 1055 servus

78 1081 236 1130 fidelis
269 1081 469 1130 domino
500 1082 654 1143 paulo
687 1084 801 1143 post
831 1097 1029 1130 reverso
1061 1083 1324 1130 mulierum
1355 1084 1544 1131 secreta
1568 1081 1770 1146 detegit.

77 1155 169 1204 Ille
207 1156 544 1204 infiammatus
590 1171 784 1205 summo
826 1157 1014 1215 furore7
1056 1172 1361 1218 quamquam
1391 1172 1594 1204 uxorem
1627 1155 1772 1203 domo

77 1246 180 1278 non
212 1230 343 1290 eicit,
381 1232 547 1277 tamen
581 1232 868 1294 segregatus
902 1230 963 1278 ab
997 1246 1055 1277 ea
1086 1232 1192 1278 vita
1224 1230 1467 1278 dissoluta
1498 1245 1772 1278 maerorem

76 1305 259 1367 pellere
285 1304 463 1364 studet,
487 1304 812 1352 Habrotonon
835 1304 1087 1352 fidicinam
1112 1306 1233 1353 emit
1257 1304 1556 1366 aedibusque
1583 1304 1776 1365 recipit,

79 1378 300 1440 quotidie
318 1378 547 1426 convivia
560 1377 736 1441 agitat.
761 1378 830 1426 At
842 1379 919 1426 his
935 1378 1162 1426 omnibus
1181 1394 1398 1426 amorem
1413 1379 1776 1427 clandestinum

79 1452 246 1500 uxoris
273 1469 330 1500 ex
355 1452 521 1500 animo
546 1469 646 1500 non
670 1453 855 1513 evellit,
887 1468 1004 1499 nam
1029 1452 1354 1501 Habrotonon
1378 1452 1485 1514 ipsa
1513 1451 1776 1500 confitetur

80 1520 213 1591 (220
249 1520 380 1592 sqq.)
414 1542 463 1573 se
497 1526 558 1573 ab
590 1526 677 1573 illo
709 1526 810 1574 iam
835 1542 922 1589 per
947 1527 1141 1588 aliquot
1166 1526 1269 1574 dies
1301 1543 1402 1574 non
1434 1542 1537 1574 esse
1569 1528 1771 1574 tactam.

152 1599 381 1648 Ceterum
397 1599 567 1648 Davus
593 1603 766 1662 pastor
788 1600 997 1649 filiolum
1022 1601 1075 1648 in
1106 1617 1304 1648 nemore
1333 1603 1612 1662 expositum
1637 1602 1772 1648 inve-

76 1676 219 1722 nerat
249 1677 299 1722 et
321 1674 560 1736 postridie
579 1674 776 1736 Syrisco
795 1675 1086 1723 carbonario
1104 1676 1294 1737 petenti
1318 1675 1595 1722 tradiderat
1611 1677 1770 1721 reten-

75 1749 141 1795 tis
168 1748 461 1810 crepundiis.
508 1748 646 1796 Haec
677 1750 751 1798 est
775 1749 997 1798 condicio
1021 1765 1202 1808 rerum,
1235 1765 1348 1796 cum
1377 1749 1548 1796 fabula
1578 1748 1770 1809 incipit.

78 1821 267 1870 Scaena
300 1825 467 1870 autem
499 1825 574 1871 est
602 1839 716 1870 rure
742 1839 896 1885 prope
922 1823 1162 1884 Athenas,
1191 1824 1335 1870 binas
1361 1823 1505 1870 aedes
1530 1822 1770 1883 videmus,

76 1897 258 1945 alteras
287 1895 634 1956 Chaerestrati‚
666 1898 719 1943 in
752 1897 929 1959 quibus
955 1897 1152 1945 habitat
1185 1896 1444 1944 Charisius
1478 1913 1588 1944 cum
1619 1912 1770 1944 uxore

76 1973 125 2018 et
148 1970 364 2031 fidicina,
390 1971 572 2018 alteras
600 1970 872 2032 Smicrinis‚
908 1972 985 2019 cui
1016 1972 1069 2018 in
1101 1971 1221 2019 urbe
1256 1987 1448 2033 quoque
1477 1971 1652 2018 domus
1679 1973 1770 2030 est,

74 2045 205 2092 inter
234 2047 472 2106 utrasque
507 2044 648 2093 aedes
679 2047 920 2093 transitus
954 2061 1057 2094 esse
1089 2045 1289 2093 videtur
1321 2062 1409 2106 per
1440 2037 1701 2110 hortum.²)

147 2118 208 2165 In
239 2119 400 2180 prima
432 2134 609 2167 scaena
640 2120 882 2181 prodiisse
908 2118 1194 2168 Onesimum
1229 2136 1340 2167 cum
1374 2135 1531 2181 coquo
1565 2134 1622 2166 ex
1646 2118 1767 2165 urbe

74 2193 307 2241 arcessito
339 2193 610 2240 rectissime
658 2194 1003 2242 concluserunt
1050 2192 1313 2254 Leeuwen,
1361 2193 1484 2253 Leo,
1523 2192 1761 2239 Wilamo-

74 2268 188 2314 witz
222 2283 246 2314 e
278 2268 571 2330 fragmentis
608 2268 749 2314 1—4.
802 2267 875 2313 Ex
906 2268 1109 2316 illorum
1143 2267 1390 2329 colloquio
1423 2268 1768 2328 compererunt

75 2343 376 2402 spectatores
410 2339 691 2388 Gharisium
730 2341 868 2388 uxori
910 2358 1066 2403 nuper
1096 2344 1281 2403 nuptae
1314 2342 1565 2388 fidicinam
1598 2356 1767 2401 super-

75 2414 269 2462 duxisse
303 2409 384 2481 (fr.
421 2407 500 2478 1),
540 2417 648 2461 tum
690 2413 948 2463 Onesimus
991 2431 1202 2476 coquum
1235 2417 1473 2463 curiosius
1508 2415 1766 2476 exquiren-

74 2491 175 2535 tem
213 2482 296 2554 (fr.
333 2491 381 2549 2,
416 2482 471 2553 3)
514 2490 567 2535 in
606 2488 749 2536 aedes
793 2489 982 2536 misisse
1022 2490 1223 2536 videtur
1263 2483 1345 2555 (fr.
1380 2484 1450 2554 4).
1507 2488 1613 2535 Iam
1654 2503 1766 2548 pro-

74 2563 271 2610 cessisse
329 2562 618 2610 Smicrinem
673 2566 960 2624 querentem
1016 2566 1185 2627 generi
1249 2565 1407 2611 vitam
1469 2563 1765 2609 dissolutam

75 2634 306 2698 filiaeque
325 2636 659 2684 condicionem
675 2637 898 2698 iniquam
915 2653 1069 2697 paene
1089 2640 1277 2685 certum
1295 2641 1381 2685 est.
1411 2637 1541 2683 Huic
1560 2651 1763 2683 scaenae

152 2820 193 2874 1)
239 2818 367 2861 Sitne
408 2820 649 2876 Sophrona
696 2820 853 2864 nutrix
901 2835 959 2864 an
1008 2824 1159 2865 mater
1198 2822 1471 2877 Pamphilae
1511 2821 1598 2864 viri
1637 2823 1762 2865 docti

73 2879 323 2931 certarunt,
356 2877 475 2922 illud
508 2894 589 2923 cur
620 2881 716 2923 iam
748 2880 1009 2936 praeferam
1042 2896 1184 2937 supra
1217 2897 1260 2937 p.
1290 2886 1343 2924 14
1378 2880 1574 2925 ostendi.

148 2939 191 2991 2)
225 2935 290 2981 Cf.
325 2937 474 2981 Plaut.
507 2939 636 2983 Asin.
673 2944 771 2994 742,
804 2939 941 2983 Merc.
979 2944 1106 2992 1009,
1142 2940 1283 2984 Stich.
1318 2944 1415 2983 449.

163 3019 394 3051 Menandrea
418 3020 474 3052 ed.
500 3021 627 3053 Korte.
1467 3013 1494 3055 b
