2032 3162
1335 735 1393 778 Ὦ
1426 735 1666 789 Μένανδρε
1700 737 1772 778 καὶ
1806 735 1871 789 βίε

809 796 1005 849 πότερος
1038 795 1111 848 ἄρ’
1134 795 1267 847 ὑμῶν
1298 795 1498 848 πότερον
1531 795 1868 847 ἀπεμιμή(ατο;

255 920 433 968 Paucis
464 919 711 968 mensibus
750 922 1019 981 postquam
1059 917 1306 967 Gustavus
1345 918 1585 966 Lefebvre
1624 935 1870 982 papyrum

185 993 467 1042 Oairensem
505 993 764 1042 Menandri
802 993 1162 1055 publicaverat,
1209 994 1287 1040 vir
1324 993 1736 1054 humanissimus,
1785 995 1871 1055 qui

180 1083 312 1116 nunc
344 1068 546 1116 aedibus
579 1067 933 1116 Teubnerianis
965 1074 1176 1130 praeest,
1213 1068 1338 1115 mihi
1375 1069 1648 1130 proposuit,
1686 1071 1744 1115 ut
1781 1068 1869 1115 has

180 1143 420 1204 reliquias
452 1143 504 1189 in
535 1142 837 1190 bibliotheca
869 1143 1166 1204 scriptorum
1200 1141 1498 1190 Graecorum
1537 1144 1588 1189 et
1625 1142 1869 1189 Romano-

179 1234 289 1264 rum
315 1216 658 1265 Teubneriana
693 1216 898 1265 ederem.
948 1215 1107 1272 Quam
1139 1216 1406 1264 editionem
1437 1219 1494 1263 ut
1525 1232 1716 1278 papyro
1756 1232 1870 1264 vere

181 1292 299 1338 anni
344 1292 484 1339 1908
532 1292 788 1354 recognita
836 1290 993 1338 solido
1040 1290 1363 1338 fundamento
1404 1290 1702 1338 constituere
1747 1290 1869 1337 mihi

181 1366 368 1427 liceret,
394 1367 594 1429 egregia
616 1364 920 1413 liberalitate
945 1366 1196 1413 societatis
1221 1366 1387 1428 regiae
1410 1364 1694 1411 litterarum
1720 1364 1870 1412 Saxo-

181 1441 293 1487 niae
323 1439 523 1505 factm,
545 1442 633 1487 est.
681 1439 740 1486 In
765 1439 869 1487 dies
901 1441 1069 1486 autem
1100 1440 1259 1501 magis
1291 1438 1417 1486 mihi
1446 1438 1673 1500 persuasi
1696 1454 1795 1486 non
1817 1440 1871 1485 in

181 1529 280 1561 uno
312 1513 478 1562 codice
514 1512 733 1561 Cairensi
766 1512 1194 1575 acquiescendum,
1226 1512 1309 1560 sed
1344 1513 1510 1560 omnia
1542 1515 1763 1560 omnium
1795 1528 1872 1560 co-

181 1587 348 1635 dicum
391 1588 798 1648 voluminumque
839 1586 1100 1634 Menandri
1138 1589 1361 1635 veterum
1407 1587 1687 1650 fragmenta
1735 1587 1870 1634 colli·

181 1661 341 1723 genda
383 1676 500 1710 esse.
562 1661 821 1710 Accedunt
862 1661 1021 1724 igitur
1063 1663 1115 1708 in
1155 1661 1247 1708 hac
1291 1661 1505 1709 editione
1548 1661 1610 1708 ad
1652 1663 1870 1723 quinque

180 1735 463 1783 fabularum
508 1736 786 1799 fragmenta
836 1734 1089 1783 Cairensia
1136 1751 1235 1783 non
1279 1736 1438 1783 solum
1485 1735 1871 1783 Periciromenes

181 1810 387 1857 schedae
418 1809 698 1871 Lipsienses
737 1813 787 1857 et
815 1809 1227 1872 Cantabrigenses
1240 1802 1297 1875 ¹),
1330 1809 1415 1857 sed
1447 1810 1599 1857 etiam
1630 1809 1870 1870 reliquiae

183 1882 363 1947 Georgi
382 1883 703 1945 Genevenses,
730 1883 1030 1932 Citharistae
1042 1877 1114 1950 (Ρ)
1139 1883 1498 1944 Berolinenses,
1533 1882 1724 1931 Colacis
1743 1881 1870 1931 Oxo-

180 1959 388 2019 nienses,
423 1957 902 2006 Coneazomenarum
926 1958 1276 2020 Dorpatenses‚
1309 1957 1594 2005 Perinthiae
1628 1956 1870 2005 Oxonien-

182 2047 270 2093 ses,
289 2032 569 2082 Phasmatis
587 2032 882 2093 fabulaeque
899 2033 1117 2079 incertae
1135 2031 1552 2093 Petropolitanae.
1595 2031 1653 2078 In
1679 2047 1871 2079 summa

179 2105 439 2154 duodecim
462 2106 721 2153 Menandri
752 2106 1117 2154 comoediarum
1147 2107 1259 2168 plus
1288 2107 1431 2154 1900
1463 2122 1631 2154 versus
1664 2123 1688 2152 e
1721 2122 1869 2153 mem-

179 2180 347 2227 branis
388 2183 437 2228 et
477 2180 681 2242 papyris
716 2181 883 2244 coUigi
914 2183 1194 2242 potuerunt.
1252 2179 1471 2242 Singulis
1512 2180 1694 2227 fabulis
1738 2179 1869 2242 frag-

179 2256 346 2302 menta
378 2254 609 2302 subiunxi
641 2255 838 2302 aliunde
870 2257 1006 2315 nota,
1036 2254 1247 2301 indicem
1279 2254 1541 2302 verborum
1574 2254 1753 2301 addidi.

255 2328 312 2375 In
358 2329 450 2376 hoc
490 2344 635 2391 opere
676 2330 797 2377 satis
845 2328 1089 2376 laborioso
1132 2328 1431 2376 conficiendo
1472 2343 1501 2375 a
1539 2329 1711 2375 multis
1750 2328 1869 2375 viris

182 2402 339 2450 doctis
378 2402 705 2450 multifariam
746 2402 943 2451 adiutus
984 2419 1107 2461 sum,
1148 2403 1326 2464 quibus
1359 2402 1561 2450 meritas
1595 2402 1781 2464 gratias
1814 2417 1870 2448 ex

181 2477 280 2524 imo
313 2479 510 2537 pectore
544 2492 688 2540 agere
722 2477 925 2539 gaudeo.
976 2476 1154 2524 Omnes
1188 2492 1487 2535 enumerare,
1520 2478 1607 2537 qui
1638 2476 1716 2523 vel
1749 2475 1870 2522 mihi

183 2552 559 2598 commentarios
585 2551 644 2598 de
668 2550 938 2598 Menandro
972 2552 1180 2612 scriptos
1207 2550 1334 2598 dono
1361 2550 1613 2610 dederunt⁷
1637 2551 1716 2597 vel
1741 2565 1870 2597 nova

183 2625 526 2686 supplementa
565 2640 653 2686 per
686 2626 919 2685 epistolas
952 2639 1143 2672 mecum
1177 2626 1626 2684 communicarunt,
1666 2624 1869 2686 longum

184 2708 271 2756 est,
304 2699 387 2745 sed
419 2699 580 2746 facere
611 2714 709 2746 non
740 2714 953 2759 possum,
988 2700 1107 2760 quin
1142 2714 1222 2745 eos
1255 2698 1518 2760 proferam,
1551 2697 1728 2759 quibus
1762 2697 1868 2758 plu-

181 2773 307 2819 rima
341 2772 505 2819 debeo.
545 2772 711 2819 Primo
746 2773 852 2819 loco
884 2774 1083 2820 nomino
1116 2772 1335 2820 thesauri
1372 2771 1613 2819 Cairensis
1647 2772 1867 2818 invento-

334 2931 373 2981 1>
409 2928 464 2971 cf.
501 2927 640 2983 Oxyr.
674 2927 785 2983 Pap.
813 2927 852 2970 V
880 2932 963 2970 310
