2032 3226
302 138 339 171 8.
363 137 527 170 Einzeln
549 137 792 170 erschienene
813 137 1028 178 Ausgaben.
1083 137 1117 169 b.
1142 137 1383 169 Lateinisohe
1408 136 1680 169 Schriftsteller

1857 140 1943 179 ,19

39 238 191 282 Corpus
215 238 456 282 glossarior.
479 238 665 273 Latinior.
690 249 713 272 a
738 239 780 273 G.
801 240 967 271 Loewe
1013 237 1274 273 Grammatici
1299 237 1438 272 Latini
1461 249 1510 271 ex
1531 249 1603 272 reo.
1629 240 1676 271 H.
1701 240 1821 273 Keil.

80 285 303 318 incohatum
326 284 508 324 auspiciis
532 284 731 318 Societatis
754 284 966 316 litterarum

81 329 181 370 regin
189 339 208 362 e
221 329 433 363 saxonicae
449 338 580 370 comp.‚
595 338 680 371 rec.,
691 330 746 361 ed
758 329 800 362 G.
810 328 842 362 G
852 338 873 360 ο
883 331 965 361 etz.

125 374 289 407 Vol.VH
315 373 532 406 Thesaurus
544 374 657 415 gloss.
670 373 965 406 emendatamm.

172 417 291 451 Conff.
322 417 365 451 G.
396 417 542 451 Goetz
585 420 622 450 et
664 416 706 450 G.
738 418 964 450 Heraeus.

170 463 324 541 ⁶iui'ascc.
370 462 479 495 Fasc.
495 462 526 494 I.
567 462 616 496 A(
631 463 743 495 24.-
787 462 896 495 Fasc.
913 462 964 493 Π.

39 556 295 592 Didascassae
309 556 587 600 apostolorum
604 556 966 599 fragmentavero·

82 601 227 637 nensis
249 601 410 636 Latina.
456 602 546 635 Acc.
578 611 767 635 canonum
798 602 866 642 qui
895 602 965 635 dic.

83 648 341 688 apostolorum
379 649 418 680 et
454 646 729 688 Aegyptiorum
754 647 965 687 reliquiae.

82 693 194 725 Prim.
229 692 286 725 ed.
317 692 361 724 E.
391 692 587 724 Hauler.
634 691 743 724 Fasc.
773 692 803 723 Ι.
856 692 967 724 Prae-

82 737 190 779 fatio,
211 737 437 778 fragmenta.
482 735 555 768 Mit
578 737 597 768 2
623 736 770 768 Tafeln.
808 735 856 769 M
878 738 967 768 4.—

40 794 245 830 EnnIanae
257 794 391 838 poesis
404 793 617 835 renquiae.
635 796 720 828 Rec.
738 796 767 828 I.
777 797 870 828 Vah
878 797 893 828 1
902 805 922 828 e
930 806 965 828 n.

82 841 153 874 Ed.
177 841 229 873 11.
273 841 322 875 Aa
346 843 387 874 16
397 859 454 873 .-
478 839 588 875 18.-

38 890 356 935 Exuperantius‚
369 890 567 933 Epitome.
589 893 703 933 Hrsg.
716 892 751 924 'v.
760 891 803 925 G.
812 892 843 923 L
854 902 877 925 a
886 902 912 924 n
921 892 967 924 d-

83 937 194 979 graf
215 947 251 969 u.
276 936 314 970 C.
338 937 572 978 Weyman.
619 937 667 970 ,Δί
689 939 811 970 -.60.

39 995 324 1075 Ὲῐνῖιςιίιοῶῢιιω
338 995 385 1029 de
398 993 487 1029 iure
495 994 601 1029 fisci.
615 996 686 1028 Ed.
694 996 733 1028 P.
743 997 779 1028 K
787 1006 806 1028 r
814 1006 841 1028 u
849 1006 868 1029 e
878 1006 902 1037 g
911 1005 930 1029 e
940 1006 966 1028 r.

38 1090 260 1126 Frontonis
295 1095 333 1125 et
362 1091 411 1125 Μ.
436 1090 591 1125 Aurelii
622 1090 719 1133 imp.
753 1090 967 1133 epistulae.

82 1137 170 1170 Rec-
196 1137 231 1170 S.
255 1137 299 1169 A.
323 1137 489 1169 Naber.
535 1137 584 1171 A(
607 1139 695 1170 8.—

39 1206 127 1212 ——
150 1189 219 1221 Ed.
244 1189 293 1220 H.
317 1189 443 1220 Haul
453 1198 508 1221 er.
558 1189 619 1229 [In
638 1189 767 1230 Vorb.]

39 1231 232 1266 Gediohte
240 1255 253 1276 ‚
278 1233 473 1266 unedierte
495 1233 720 1266 lateinische
730 1257 740 1275 ,
770 1234 870 1274 hrsg.
895 1243 967 1266 von

84 1278 127 1310 Ε.
151 1278 405 1310 Baehrens.
452 1278 500 1311 ..tc
523 1279 621 1311 1.2o.

42 1334 209 1369 Glossae
232 1334 453 1369 nominum.
501 1337 571 1368 Ed.
596 1335 639 1369 G.
663 1336 838 1369 Loewe.
881 1336 969 1368 Aoo.

83 1381 251 1413 eiusdem
276 1381 462 1421 opuscula
493 1381 806 1422 glossographica
838 1382 922 1413 coll.
948 1391 971 1413 a

84 1425 126 1458 G.
152 1425 307 1458 Goetz.
353 1426 402 1459 A(
425 1427 513 1459 6.-

41 1475 301 1510 (irammatici
319 1475 457 1510 Latini
473 1486 522 1509 ex
538 1486 608 1510 rec.
626 1478 673 1508 H.
692 1477 811 1509 Keil.
846 1479 863 1510 7
882 1478 969 1509 voll.

85 1522 226 1554 Lex.-8.
271 1522 319 1555 M
344 1523 485 1555 18920.

128 1574 212 1605 Vol.
229 1574 258 1605 1.
290 1573 398 1606 Fasc.
417 1576 446 1606 1.
484 1573 696 1606 Charisii
726 1583 788 1605 ars
815 1582 970 1614 gramm.

173 1627 221 1650 ex
244 1627 316 1650 rec.
341 1619 389 1650 H.
414 1618 534 1650 Keil.
584 1619 746 1659 [Vergr]

128 1687 172 1694 —-
194 1670 225 1701 I.
260 1670 416 1702 Fasc.2.
451 1670 698 1702 Diomedis
726 1679 787 1702 ars
815 1679 970 1710 gramm.

172 1723 221 1746 ex
246 1714 410 1747 Charisii
437 1718 517 1747 arte
541 1724 697 1755 gramm.
722 1717 901 1753 excerpta
925 1723 970 1746 ex

174 1768 245 1791 rec.
270 1759 318 1790 H.
342 1759 463 1791 Keil.
509 1759 557 1792 ..a
582 1761 691 1792 10.—

130 1828 173 1834 -
196 1811 246 1842 11.
271 1811 379 1843 Fasc.
394 1813 412 1843 1
430 1814 467 1843 et
487 1812 518 1843 2.
550 1810 797 1843 Prisciani
820 1810 972 1842 institu-

173 1855 295 1888 tiones
335 1865 488 1896 gramm
530 1865 578 1888 ex
616 1864 687 1887 rec.
724 1855 774 1887 M.
798 1856 971 1887 Hertz.

175 1900 260 1932 Vol.
284 1900 314 1931 I.
357 1900 519 1940 [Vergr.]

129 1969 173 1975 —
183 1951 256 1983 ΠΙ.
276 1951 385 1984 Fasc.
395 1954 425 1983 1.
446 1952 475 1982 P
483 1952 551 1983 ris
561 1951 635 1984 cia
643 1951 694 1983 ni
713 1951 972 1983 institutiones

173 2005 406 2074 granam-ex
437 2005 511 2028 rec.
534 1996 584 2028 M.
609 1997 647 2027 H
657 2005 676 2028 e
685 2006 704 2028 r
712 1998 729 2028 t
736 2006 766 2027 z.
812 1997 897 2028 Vol.
921 1997 970 2027 ΙΙ.

128 2109 173 2115 -
195 2092 268 2124 m.
302 2091 409 2124 Fasc.
436 2092 466 2123 2.
501 2091 747 2124 Prisciani
770 2091 816 2123 de
839 2091 972 2131 figuris

173 2145 438 2177 numerorum,
472 2136 517 2168 de
550 2136 679 2168 metris
705 2136 892 2177 Terentii,
927 2136 972 2167 de

175 2180 574 2220 praeexercitamentis
624 2181 823 2212 rhetoricis
873 2180 973 2221 libri,

174 2224 367 2257 institutio
392 2225 438 2257 de
462 2225 615 2256 nomine
639 2227 677 2257 et
696 2224 920 2263 pronomine
936 2228 973 2256 et

174 2270 301 2310 verbo,
324 2269 549 2308 partitiones
573 2269 771 2301 duodecim
796 2278 973 2301 versuum

176 2313 364 2345 Aeneidos
395 2313 686 2355 principalium,
718 2313 864 2345 accedit
894 2313 973 2344 Pri-

175 2358 298 2390 sciani
321 2357 387 2397 qui
410 2358 481 2389 dic.
507 2358 604 2390 liber
628 2358 673 2390 de
691 2357 909 2390 accentibus
926 2366 973 2390 ex

175 2411 246 2434 rec.
271 2402 319 2433 H.
344 2402 464 2434 Keil.
514 2403 674 2442 [Vergn]

131 2471 174 2476 —
194 2454 260 2485 IV.
284 2453 392 2485 Fasc.
411 2456 440 2485 1.
474 2453 616 2485 Probi
640 2454 843 2494 catholica,
865 2453 973 2485 insti-

178 2500 262 2529 tuta
286 2497 437 2539 artium,
461 2498 506 2529 de
530 2498 682 2530 nomine
706 2501 896 2538 excerpta,
928 2498 973 2529 de

178 2541 324 2573 ultimis
348 2542 506 2582 syllabis
530 2542 627 2574 liber
652 2543 700 2574 ad
718 2542 972 2574 Caelestinum

177 2595 225 2618 ex
252 2595 324 2618 rec.
348 2586 397 2617 H.
422 2586 542 2618 Keil.
570 2604 614 2609 —
644 2586 831 2619 Notarum
861 2587 974 2618 later-

179 2630 256 2662 culi
272 2630 406 2662 edente
423 2631 497 2662 Th.
512 2631 777 2662 Mommsen.
801 2630 849 2664 ..a
866 2633 973 2663 11.—

133 2699 176 2705 —
191 2682 257 2714 IV.
274 2681 382 2713 Fasc.
392 2683 423 2713 2.
439 2682 472 2713 D
483 2691 504 2713 o
514 2692 539 2713 n
549 2682 618 2714 ati
638 2692 699 2714 ars
717 2682 975 2722 grammatica,

178 2725 322 2757 Marii
346 2725 504 2758 Servii
523 2726 765 2758 Honorati
789 2735 974 2758 commen·

178 2769 299 2801 tarius
322 2769 363 2801 in
388 2773 506 2802 artem
529 2771 690 2812 Donati,
714 2771 759 2803 de
783 2771 976 2812 finalibus,

179 2814 225 2846 de
248 2817 399 2846 centum
424 2814 565 2856 metris,
589 2815 634 2847 de
658 2815 788 2847 metris
812 2815 976 2855 Horatii,

180 2858 203 2890 S
214 2857 338 2899 ergii
358 2858 404 2890 de
419 2858 560 2900 littera,
576 2859 621 2891 de
638 2859 798 2900 syllaba,
810 2859 855 2891 de
872 2859 975 2898 pedi-

178 2903 249 2934 bus
259 2925 269 2943 ,
302 2902 348 2934 de
380 2903 598 2935 accentibus
609 2926 619 2944 ,
652 2903 698 2936 de
730 2903 975 2935 distinctione

179 2946 492 2988 commentarius,
544 2947 835 2986 explanationes
882 2948 974 2979 artis

179 2990 424 3068 {offatizile
458 2990 704 3023 idiomatibus
739 3001 787 3023 ex
821 3000 892 3023 rec.
926 2992 972 3022 H.

223 3042 244 3066 e
274 3035 299 3066 l.
415 3036 504 3067 8.-

1101 284 1241 316 Vol.V.
1265 284 1373 316 Fasc.
1388 286 1418 316 1.
1449 283 1672 316 Cledonii
1696 294 1757 317 ars
1778 294 1946 326 gramm„

1145 328 1359 367 Pompeii
1391 331 1644 360 commentum
1676 329 1769 361 artis
1793 329 1947 371 Donati,

1146 375 1326 412 excerpta
1356 381 1405 405 ex
1436 373 1716 405 commentariis
1746 373 1788 405 in
1818 374 1945 406 Dona·

1146 420 1228 449 tum
1252 426 1300 449 ex
1323 426 1396 449 rec.
1421 418 1468 449 H.
1493 417 1613 449 Keil.
1660 418 1708 451 M
1731 419 1819 450 9.—

1102 486 1146 492 —-
1167 469 1213 501 V.
1252 469 1361 500 Fasc.
1382 470 1411 501 2.
1454 468 1765 510 Consentius,
1788 470 1946 511 Phocas,

1147 514 1358 554 Eutyches,
1411 512 1670 554 Augustinus,
1730 514 1946 555 Palaemon,

1148 557 1289 599 Asper,
1321 558 1367 590 de
1390 558 1543 590 nomine
1567 561 1604 590 et
1627 559 1870 600 pronomine,
1901 559 1946 591 de

1147 602 1274 634 dubiis
1298 602 1535 644 nominibus,
1558 602 1746 635 Macrobii
1769 606 1948 643 excerpta

1146 655 1195 679 ex
1218 656 1289 679 rec.
1315 647 1363 678 H.
1388 647 1508 678 Keil.
1555 647 1603 680 Aa
1626 649 1737 680 10.—

1105 716 1146 722 -
1165 698 1232 730 VI.
1256 699 1364 730 Fasc.
1378 700 1408 730 1.
1433 698 1616 730 Marius
1640 698 1946 741 Victorinus,

1146 742 1340 775 Maximus
1355 742 1590 784 Victorinus,
1614 742 1769 775 Caesius
1793 743 1948 785 Bassus,

1147 786 1309 865 2321}qu
1301 787 1604 820 Fortunatianus
1621 797 1669 820 ex
1684 797 1756 820 rec.
1767 788 1815 819 H.
1825 788 1862 819 K
1870 788 1946 820 eil.

1106 902 1147 908 —
1170 884 1380 916 V1.*Fasc.
1401 885 1431 916 2.
1469 884 1794 916 Terentianus
1817 885 1947 917 Mau·

1148 938 1167 960 r
1176 938 1202 960 u
1210 938 1227 960 s
1237 952 1246 970 ,
1278 928 1423 960 Marius
1446 928 1594 960 Plotius
1620 928 1802 961 Sacerdos
1811 953 1821 970 ,
1843 929 1948 961 Rufi-

1149 982 1232 1014 nus,
1251 973 1409 1005 Mallius
1426 973 1659 1015 Theodorus,
1676 973 1892 1014 fragmenta
1911 977 1949 1006 et

1149 1020 1329 1057 excerpta
1363 1017 1521 1050 metrica
1555 1027 1602 1050 ex
1641 1027 1712 1050 rec.
1752 1018 1801 1049 H.
1826 1018 1947 1050 Keil.

1105 1114 1241 1146 —VIL
1255 1114 1396 1146 Fascl.
1415 1113 1691 1152 Scriptores
1712 1114 1764 1146 de
1785 1115 1947 1146 ortho-

1149 1167 1173 1198 ς
1181 1168 1200 1190 r
1209 1167 1231 1190 a
1239 1168 1264 1198 p
1273 1159 1299 1190 h
1308 1158 1322 1190 i
1331 1168 1354 1191 a
1380 1158 1578 1190 Terentius
1608 1158 1772 1191 Scaurus
1782 1183 1792 1200 ,
1814 1159 1947 1191 Velius

1149 1203 1317 1244 Longus,
1345 1202 1477 1244 Caper,
1499 1202 1720 1244 Agroecius,
1752 1202 1949 1236 Cassiodo-

1149 1247 1241 1285 rius,
1256 1247 1475 1288 Martyrius,
1494 1248 1610 1289 Beda,
1626 1247 1789 1279 Albinus
1810 1257 1858 1280 ex
1877 1257 1949 1280 rec.

1150 1292 1200 1324 H.
1223 1291 1343 1323 Keil.
1390 1292 1438 1325 ,Δί
1462 1294 1572 1325 10.-

1105 1361 1148 1367 -
1170 1344 1257 1376 VII.
1296 1343 1405 1375 Fasc.
1430 1344 1460 1375 2.
1507 1343 1720 1376 Audacis
1744 1344 1790 1375 de
1816 1344 1950 1376 Scauri

1151 1392 1187 1420 et
1203 1388 1369 1420 Palladii
1384 1387 1493 1420 libris
1510 1391 1700 1429 excerpta,
1725 1389 1756 1419 D
1767 1397 1789 1420 o
1799 1398 1816 1420 s
1825 1389 1839 1420 i
1848 1391 1863 1420 t
1871 1389 1897 1420 h
1906 1389 1949 1421 ei

1083 1430 1089 1442 ‘
1151 1441 1212 1465 ars
1266 1442 1442 1473 gramm„
1494 1432 1730 1465 Arusiani
1783 1433 1950 1465 Messii

1151 1477 1327 1516 exempla
1375 1477 1632 1509 elocutionum
1643 1501 1652 1518 ‚
1707 1477 1734 1509 C
1747 1486 1769 1509 o
1782 1487 1801 1509 r
1813 1487 1839 1510 n
1851 1486 1870 1509 e
1883 1477 1923 1510 li
1936 1478 1949 1509 i

1151 1522 1182 1552 F
1192 1531 1211 1553 r
1219 1530 1241 1553 o
1250 1531 1276 1553 n
1284 1524 1300 1553 t
1309 1531 1331 1553 0
1341 1531 1366 1552 n
1375 1522 1389 1553 i
1397 1531 1415 1553 s
1466 1522 1565 1553 liber
1617 1522 1662 1554 de
1716 1522 1951 1563 differentiis,

1151 1566 1366 1606 fragmenta
1389 1576 1557 1607 gramm.,
1584 1566 1699 1598 index
1724 1566 1948 1606 scriptorum

1152 1620 1200 1642 ex
1226 1619 1297 1642 rec.
1322 1611 1371 1642 H.
1396 1611 1520 1642 Keil.
1563 1612 1611 1643 «Aa
1636 1613 1675 1643 11
1689 1613 1756 1644 .2o.

1107 1670 1419 1709 supplementum
1436 1670 1634 1702 continens
1658 1670 1843 1702 anecdota
1859 1671 1949 1702 Hel-

1152 1714 1276 1746 vetica
1309 1723 1357 1746 ex
1391 1723 1462 1746 rec.
1496 1715 1543 1745 H.
1569 1715 1606 1745 H
1617 1723 1743 1755 agen.
1793 1715 1883 1747 Lex.
1894 1717 1948 1748 ·8.

1150 1758 1198 1792 Δί
1222 1761 1332 1791 19.-

1019 1815 1294 1858 [llerennius.]
1341 1817 1482 1849 Incerti
1507 1817 1674 1850 auctoris
1708 1817 1754 1850 de
1788 1816 1949 1850 ratione

1063 1860 1221 1895 (licendi
1250 1861 1299 1894 ad
1326 1859 1366 1894 C.
1393 1861 1439 1894 Η.
1466 1860 1514 1894 ll.
1532 1860 1598 1894 lv.
1634 1863 1699 1902 [M.
1717 1862 1822 1894 Tulli
1847 1862 1948 1895 Cice-

1064 1907 1166 1939 ronis
1213 1907 1263 1938 ad
1309 1907 1546 1939 Herennium
1585 1906 1675 1938 libri
1706 1908 1789 1946 VLJ
1862 1907 1949 1939 Rec.

1063 1952 1105 1982 F.
1130 1952 1272 1983 Marx.
1319 1951 1367 1984 «Δί
1395 1953 1506 1983 14.-

1019 2001 1315 2036 ffistoricorum
1340 2002 1606 2035 Romanorum
1635 2001 1847 2042 reliquiae.
1881 2004 1949 2035 Ed.

1063 2048 1111 2079 H.
1136 2047 1283 2079 Peter.
1332 2049 1350 2079 2
1375 2048 1464 2078 voll.
1510 2047 1559 2080 Δί
1582 2049 1692 2080 28.-

1021 2096 1179 2131 floratii
1222 2105 1358 2139 opera.
1421 2098 1497 2130 Bec
1549 2097 1589 2130 O.
1621 2099 1792 2131 Keller
1830 2103 1867 2131 et
1907 2099 1950 2130 A.

1064 2143 1255 2175 Holder.
1303 2144 1322 2174 2
1348 2143 1438 2174 voll.
1486 2152 1540 2183 gr.
1565 2145 1596 2175 8.

1107 2188 1192 2220 Vol.
1216 2188 1245 2218 I.
1295 2187 1490 2228 Carmina,
1520 2187 1651 2227 epodi,
1675 2196 1828 2219 carmen
1853 2197 1952 2219 saec.

1153 2233 1296 2263 Iterum
1320 2240 1392 2263 rec.
1419 2231 1459 2263 O.
1484 2232 1663 2263 Keller.
1709 2232 1756 2265 «Δί
1781 2233 1891 2264 12.—

1110 2277 1207 2316 [Vol.
1225 2277 1266 2308 11
1289 2278 1429 2316 vergn]

1020 2347 1105 2351 —
1131 2346 1216 2351 —-
1242 2346 1328 2351 --
1354 2328 1484 2359 Editio
1508 2328 1641 2359 minor.
1689 2327 1735 2360 A
1759 2330 1847 2359 4.-

1020 2398 1105 2403 —
1145 2378 1339 2413 carmina.
1410 2379 1495 2411 Rec.
1536 2380 1576 2411 L.
1618 2380 1833 2411 Mueller.
1898 2382 1948 2412 16.

1067 2426 1115 2457 dl.
1139 2427 1226 2457 2.40
1251 2424 1354 2457 3.60.

1020 2495 1105 2499 —-
1131 2474 1308 2509 Satiren.
1337 2476 1507 2507 Kritisch
1525 2476 1758 2516 hergestellt,
1774 2476 1951 2507 metrisch

1066 2522 1253 2552 iibersetzt
1272 2531 1307 2551 u.
1326 2521 1395 2552 mit
1410 2521 1658 2551 Kommentar
1678 2521 1860 2551 versehen
1877 2529 1951 2551 von

1066 2565 1361 2641 CaeKirchner
1385 2574 1420 2595 u.
1438 2566 1495 2596 W.
1516 2564 1551 2595 S.
1570 2564 1774 2595 Teuffel.
1818 2567 1836 2596 2
1862 2565 1946 2596 voll.

1023 2631 1106 2684 —T—
1132 2611 1324 2692 &oleat
1350 2670 1384 2691 u.
1411 2660 1567 2691 deutsch
1594 2670 1637 2690 m.
1665 2660 1852 2691 Erliiuter.
1878 2669 1950 2691 von

1067 2706 1106 2736 L.
1133 2705 1405 2737 Doderlein.
1452 2705 1500 2736 ..a
1525 2706 1611 2735 7.—

1022 2774 1107 2780 -—
1133 2774 1218 2779 —-
1237 2757 1339 2788 siehe
1357 2756 1471 2787 auch:
1498 2755 1648 2796 Satura,
1663 2765 1695 2786 v.
1715 2756 1947 2786 Blumner.

1022 2826 1107 2831 —-
1133 2806 1334 2847 Episteln.
1380 2807 1462 2839 Lat.
1487 2817 1522 2838 u.
1549 2807 1704 2838 <leutsch
1731 2817 1777 2838 m.
1805 2807 1948 2838 Erlaut.

1067 2862 1141 2884 von
1164 2852 1494 2883 L.Dbderlein.
1538 2851 1594 2890 [B.
1620 2852 1638 2881 I
1663 2853 1798 2891 vergr]
1841 2852 1880 2881 B.
1899 2852 1947 2881 ΙΙ.

1022 2966 1106 2970 ——
1132 2946 1274 2988 Βτίεῖε,
1308 2947 1354 2981 im
1381 2946 1559 2985 §Betssmcxss
1593 2947 1652 2980 bet
1683 2946 1847 2985 utimr-iit
1878 2952 1950 2978 υεῐ5

1067 2991 1210 3033 beuticbt
1232 2998 1301 3025 nnn
1327 2990 1653 3030 Qchcmeiftet
1675 2999 1706 3023 u.
1728 2988 1950 3025 omnes.

1066 3038 1095 3068 8.
1132 3035 1179 3069 ,Δί
1204 3037 1292 3068 240
1316 3034 1419 3068 3.20.

116 3105 197 3150 Die
227 3100 429 3153 {etten
462 3106 633 3151 Ziffern
664 3107 916 3152 verstehen
947 3108 1047 3151 sich
1079 3107 1157 3152 fiir
1189 3109 1557 3163 nebundene
1591 3106 1877 3163 Exemplare.
