2032 3162
825 93 1167 138 PRAEFATIO
1719 92 1842 136 XLV

152 236 396 286 tosthenis
442 235 728 284 testimonio
776 234 1142 284 demonstretur
1188 234 1546 296 Astyanactem
1593 234 1842 282 Milesium

154 326 284 359 anno
327 310 432 358 316
466 325 508 357 a.
536 308 645 357 Chr.
671 325 717 356 n.
752 309 815 357 ad
846 309 1034 372 gloriae
1074 308 1342 357 athleticae
1384 309 1646 371 fastigium
1677 323 1842 356 ascen-

155 385 299 447 disse,
331 401 444 432 eum
475 399 506 430 a
535 382 805 431 Menandro
837 399 937 431 non
959 383 1118 431 multo
1141 384 1258 445 post
1280 384 1716 431 commemoratum
1740 397 1843 430 esse

155 458 261 507 veri
291 457 604 507 simillimum
635 458 721 504 est.
770 456 845 504 Ne
877 457 1012 505 ultra
1044 473 1231 504 annum
1268 457 1370 504 fere
1405 458 1509 505 312
1544 456 1843 515 recedamus,

155 535 358 580 monent
388 533 591 579 nomina
621 532 935 579 meretricum
965 531 1239 593 Anticyrae
1280 533 1330 579 et
1362 529 1615 592 Chrysidis
1655 523 1739 597 (fr.
1770 523 1843 596 4),

156 622 283 669 quas
313 607 447 653 inter
478 604 700 653 Demetri
731 604 1037 653 Poliorcetae
1071 608 1235 653 scorta
1267 607 1525 653 enumerat
1547 605 1843 652 Plutarchus

156 674 268 746 (vit.
301 681 517 728 Demetr.
546 671 703 746 24).¹)

671 827 758 874 DE
797 825 1327 875 CONEAZOMENIS.

232 931 376 988 Quod
406 932 521 980 huic
560 931 770 980 editioni
806 932 1141 995 fragmentum
1172 932 1416 979 ineditum
1457 930 1846 980 Goneazomena-

158 1023 269 1054 rum
308 1005 487 1053 addere
526 1006 651 1053 mihi
681 1006 814 1066 licet,
847 1004 1075 1070 Gregorii
1109 1006 1317 1054 Zereteli
1348 1006 1719 1055 benevolentiae
1747 1007 1844 1052 exi-

157 1079 287 1128 miae
331 1080 498 1141 debeo,
542 1081 630 1141 qui
671 1080 796 1127 mihi
838 1096 938 1127 non
978 1080 1138 1128 solum
1170 1080 1438 1144 imaginem
1469 1081 1847 1142 phototypicam

160 1155 360 1202 chartae
406 1155 459 1201 in
500 1153 802 1202 bibliotheca
845 1154 1149 1216 Dorpatensi
1192 1157 1509 1203 conservatae
1556 1154 1715 1214 misit,
1762 1153 1847 1202 sed

160 1230 314 1276 etiam
362 1244 474 1276 cum
519 1228 613 1275 hac
652 1230 841 1276 aestate
882 1230 934 1275 in
975 1227 1242 1275 Germania
1280 1231 1577 1288 versaretur,
1624 1229 1848 1276 chartam

159 1304 322 1365 ipsam
354 1302 414 1350 ad
448 1318 526 1350 me
566 1302 761 1350 adtulit.
821 1301 1010 1350 Scheda
1043 1299 1188 1367 (14,5
1214 1311 1378 1354 cm><
1402 1305 1468 1350 10
1494 1297 1593 1367 cm)
1628 1302 1689 1349 ab
1715 1304 1850 1349 omni

160 1380 303 1438 parte
341 1376 522 1424 mutila
554 1392 671 1437 pars
714 1376 979 1424 voluminis
1020 1379 1094 1424 est
1133 1377 1213 1424 vel
1251 1378 1412 1438 primo
1444 1377 1524 1424 vel
1556 1377 1769 1424 secundo
1801 1393 1848 1436 p.

163 1449 274 1499 Chr.
298 1467 344 1496 n.
379 1450 577 1498 saeculo
611 1451 862 1514 eleganter
887 1450 1073 1512 scripti.
1115 1451 1300 1498 Textus
1333 1451 1594 1498 Menandri
1623 1450 1675 1497 in
1708 1466 1847 1498 verso

161 1524 373 1586 scriptus
414 1526 501 1585 est,
541 1531 729 1572 rectum
772 1524 991 1572 rationes
1024 1527 1259 1572 continet.
1308 1523 1504 1572 Servati
1544 1527 1660 1572 sunt
1699 1524 1847 1571 unius

161 1599 418 1646 columnae
452 1615 482 1646 a
513 1598 713 1647 sinistra
744 1601 885 1660 parte
917 1600 1123 1646 mutilae
1154 1614 1326 1646 versus
1354 1601 1436 1658 20,
1463 1600 1512 1646 et
1542 1598 1849 1660 insequentis

160 1673 360 1720 litterae
391 1688 594 1734 paucae,
627 1672 926 1721 scholiorum
955 1674 1198 1734 reliquiae
1230 1689 1407 1735 parcae
1449 1675 1498 1720 et
1535 1673 1588 1719 in
1626 1672 1849 1735 margine

162 1748 412 1808 superiore
455 1749 505 1794 et
549 1749 682 1794 inter
726 1750 988 1808 utramque
1028 1749 1310 1795 columnam
1342 1749 1622 1795 cernuntur.
1679 1747 1850 1808 Neque

163 1821 491 1883 apostrophus
516 1837 677 1882 neque
702 1822 905 1882 scriptio
930 1822 1078 1882 plena
1103 1824 1383 1881 occurrunt,
1410 1818 1533 1882 με’(η
1560 1814 1633 1887 (9,
1655 1822 1736 1882 14,
1759 1814 1850 1886 19)

163 1897 213 1942 et
245 1889 357 1943 ἄνω
391 1892 572 1955 (τιγμή
607 1888 688 1961 (6)
730 1911 1101 1957 nonnumquam
1134 1897 1326 1957 positae
1367 1898 1498 1955 sunt,
1529 1911 1851 1956 personarum

162 1969 463 2016 mutationes
493 1985 629 2016 more
662 1969 809 2017 solito
843 1972 892 2017 et
922 1971 1118 2031 punctis
1145 1970 1409 2033 geminatis
1442 1972 1491 2016 et
1523 1970 1851 2032 paragraphis

164 2043 255 2090 sub
287 2058 435 2090 versu
458 2045 710 2103 notantur,
744 2044 1049 2105 corruptelas
1075 2044 1340 2090 nonnullas
1363 2043 1594 2091 librarius
1617 2044 1723 2104 ipse
1748 2058 1851 2090 cor-

163 2119 291 2164 rexit
331 2109 404 2182 (5,
440 2119 522 2176 10,
560 2111 673 2183 19),
712 2118 860 2164 idem*
885 2118 995 2165 voci
1037 2115 1213 2178 μηθείς
1246 2117 1437 2165 variam
1469 2118 1729 2165 lectionem
1763 2131 1851 2177 μη-

164 2187 272 2238 δείς
310 2191 657 2252 superscripsit
689 2185 824 2256 (18).

240 2263 722 2312 Coneazomenarum
768 2265 966 2312 fabulae
1014 2282 1125 2313 raro
1175 2266 1356 2313 citatae
1398 2281 1501 2313 esse
1545 2266 1634 2312 hos
1681 2281 1850 2313 versus

165 2339 300 2385 felici
334 2339 556 2386 acumine
598 2340 803 2402 agnovit
843 2340 1053 2387 Zereteli
1094 2340 1276 2387 collato
1319 2339 1454 2387 Stob.
1487 2340 1591 2387 flor.
1631 2341 1748 2399 108,
1782 2341 1849 2386 48

168 2427 278 2458 cum
303 2412 526 2459 versibus
560 2415 624 2460 18
652 2429 755 2475 sqq.
797 2414 870 2460 De
897 2414 1177 2461 comoediae
1203 2417 1494 2477 argumento
1519 2413 1644 2460 nihil
1673 2414 1853 2461 scimus

167 2485 263 2533 nisi
296 2486 432 2546 quod
461 2487 638 2534 titulus
670 2489 776 2547 ipse
800 2487 981 2548 prodit,
1014 2488 1245 2535 mulieres
1276 2489 1488 2535 cicutam
1511 2487 1693 2535 bibisse
1706 2480 1747 2551 3)
1774 2487 1854 2533 vel

245 2613 286 2667 1)
319 2611 402 2653 His
434 2612 712 2655 refelluntur
744 2626 813 2667 ea,
846 2626 966 2668 quae
992 2613 1138 2656 Bethe
1165 2613 1318 2656 Herm.
1345 2613 1570 2665 XXXVII,
1597 2617 1680 2655 279
1716 2626 1740 2656 e
1766 2612 1851 2655 Te-

168 2670 290 2713 renti
323 2670 547 2715 Eunucho
581 2672 641 2715 ad
674 2670 854 2715 Colacis
887 2674 1092 2715 aetatem
1126 2673 1437 2716 definiendam
1473 2673 1735 2727 expiscatus
1769 2672 1851 2714 est.

244 2731 286 2783 2)
321 2728 530 2773 Secundo
556 2730 741 2774 saeculo
767 2731 976 2774 chartam
1000 2731 1166 2774 tribuit
1192 2731 1402 2785 Zereteli,
1427 2732 1543 2773 mihi
1568 2730 1854 2773 Kitharistae

170 2787 481 2889 ngolinensis
521 2791 620 2833 tam
659 2790 825 2833 similis
873 2803 973 2833 esse
1019 2790 1223 2843 videtur,
1262 2793 1315 2834 ut
1355 2803 1457 2833 eam
1504 2791 1652 2845 primo
1698 2789 1854 2845 potius

171 2859 199 2889 a
267 2861 403 2890 lcam.

246 2909 287 2962 3)
320 2905 376 2950 cf.
402 2906 534 2951 Phot.
570 2910 964 2962 κωνειαζομέναιε·
998 2910 1248 2962 θανάειμον
1281 2910 1529 2964 φάρμακον
1561 2909 1808 2951 πινούεαιε.
