2032 3162
183 156 333 202 XXIV
868 157 1207 201 PRAEFATIO

254 297 349 345 Sed
383 300 652 360 antequam
682 298 929 362 virginem
959 297 1114 357 illam,
1146 298 1287 345 cuius
1326 313 1502 345 nomen
1542 298 1754 362 ignorat,
1800 298 1873 345 in-

177 372 410 435 vestiget,
442 372 770 421 Habrotonon
801 388 920 419 num
963 370 1213 419 Charisius
1244 387 1297 418 re
1335 387 1453 420 vera
1490 371 1697 420 infantis
1728 373 1874 433 pater

177 447 244 493 sit
287 446 544 507 explorare
590 447 861 494 constituit.
931 444 1096 493 Anulo
1144 447 1321 493 ornata
1361 445 1503 494 aedes
1534 445 1759 506 intrabit,
1797 446 1871 492 in-

175 519 365 567 fantem
405 520 669 568 lacrimans
702 519 1021 579 osculabitur,
1055 517 1278 567 Chai-isio
1306 520 1564 580 quaerenti
1587 519 1717 567 unde
1751 535 1870 568 anu-

176 594 278 640 lum
309 595 565 655 receperit,
605 594 771 642 omnia
809 593 1120 655 Tauropoliis
1155 596 1295 656 gesta
1323 593 1400 640 ita
1430 593 1666 655 narrabit,
1698 595 1755 640 ut
1785 593 1870 641 ille

175 667 335 728 ipsam
370 683 399 714 a
439 683 489 715 se
516 683 848 729 compressam
881 683 984 715 esse
1010 667 1191 715 credat.
1245 667 1355 715 Iam
1380 669 1423 715 si
1445 667 1652 715 infantis
1677 669 1870 730 patrem

176 756 224 787 se
273 757 375 789 esse
425 741 700 801 confitetur,
746 741 993 804 virginem
1040 741 1180 788 illam
1219 740 1480 804 indagabit
1511 734 1867 807 (225—321).

176 813 356 875 Sperat
403 819 571 863 autem
616 816 910 863 muliercula
958 814 1278 863 callidissima
1326 816 1430 863 fore
1476 817 1534 862 ut
1572 831 1602 868 a
1646 814 1868 864 Charisio

171 889 570 949 manumittatur,
627 891 670 937 si
715 890 801 937 ille
847 890 1057 936 infantis
1111 891 1320 936 matrem
1374 890 1535 950 ipsam
1577 904 1680 937 esse
1725 891 1870 951 putet

173 955 533 1030 (321—332).
600 963 793 1020 Quibus
837 963 1121 1011 deliberatis
1161 963 1250 1010 illa
1289 963 1515 1010 fraudem
1569 965 1739 1010 statim
1783 979 1867 1027 ag-

173 1036 409 1100 greditur,
445 1035 704 1086 Onesimus
736 1040 893 1085 restat
917 1038 1037 1085 foris
1061 1037 1197 1084 illius
1222 1037 1536 1098 prudentiam
1561 1037 1867 1099 praedicans,

170 1111 328 1171 ipsius
377 1112 645 1159 stultitiam
697 1112 1013 1173 conquerens,
1063 1111 1179 1158 dum
1213 1111 1503 1159 Smicrinem
1540 1111 1767 1158 reducem
1810 1127 1867 1159 ex

170 1183 290 1232 urbe
323 1186 516 1246 aspicit,
556 1202 702 1248 quem
733 1187 921 1233 veritus
958 1185 1064 1232 abit
1097 1178 1453 1251 (340—365).
1515 1184 1622 1232 Iam
1655 1186 1865 1233 lacunae

168 1258 307 1305 hiare
332 1259 603 1320 incipiunt:
628 1259 855 1307 Primum
874 1259 1154 1320 Smicrines,
1181 1275 1328 1320 quem
1356 1259 1612 1320 Sophrona
1638 1259 1866 1307 comitari

168 1333 367 1380 videtur
400 1326 483 1398 (ci.
517 1350 562 1381 v.
591 1328 738 1400 532),
771 1334 907 1382 solus
939 1331 1162 1394 loquitur
1194 1327 1554 1399 (367—383),
1587 1333 1762 1380 deinde
1787 1349 1863 1381 co-

170 1422 297 1467 quus
314 1400 353 1471 1)
387 1407 585 1468 prodire
618 1408 819 1455 videtur
842 1407 1095 1455 molestias
1122 1408 1243 1454 artis
1270 1422 1477 1469 querens
1505 1402 1864 1472 (384—÷389),

168 1483 275 1526 tum
308 1479 599 1529 Smicrinem
641 1498 754 1529 cum
797 1497 852 1529 eo
894 1481 1194 1529 collocutum
1235 1497 1338 1529 esse
1372 1474 1713 1546 (390—431)
1752 1497 1863 1542 pro-

167 1553 330 1601 babile
363 1549 506 1620 est2),
539 1556 622 1603 sed
656 1556 853 1619 singula
878 1555 1085 1603 obscura
1110 1557 1236 1603 sunt.
1293 1556 1463 1602 Etiam
1488 1555 1772 1602 obscuriora
1805 1571 1862 1602 ea

169 1643 294 1688 quae
342 1631 510 1676 secuta
557 1633 693 1690 sunt,
740 1646 857 1677 nam
903 1645 1072 1676 versus
1121 1630 1222 1676 fere
1266 1630 1370 1677 150
1413 1631 1683 1690 perierunt.
1754 1629 1861 1676 Hoc

167 1718 319 1749 unum
353 1705 547 1751 constat
586 1703 866 1751 Habrotoni
906 1704 1073 1750 dolum
1113 1718 1345 1764 prospere
1386 1703 1698 1763 successisse,
1744 1719 1860 1750 nam

165 1779 337 1836 postea
366 1775 615 1826 Charisius
641 1793 691 1825 se
718 1778 874 1839 spurii
905 1777 999 1824 filii
1022 1780 1215 1838 patrem
1241 1792 1343 1824 esse
1369 1777 1605 1838 opinatur
1632 1770 1859 1842 (474sq.,

168 1843 316 1915 494).
401 1850 662 1899 Smicrines
708 1853 1001 1912 comperisse
1042 1851 1239 1898 videtur
1285 1851 1365 1898 vel
1405 1867 1434 1897 a
1474 1866 1631 1912 coquo
1671 1851 1748 1898 vel
1798 1851 1857 1898 ab

169 1921 397 1971 Onesimo
431 1925 564 1972 intus
597 1925 836 1973 infantem
865 1925 1086 1987 spurium
1115 1924 1326 1972 Charisii
1351 1926 1576 1987 agnitum
1603 1938 1719 1985 esse,
1751 1927 1857 1971 tum

168 2012 280 2044 eum
313 1998 636 2045 furibundum
668 1999 834 2062 generi
869 1999 1011 2046 aedes
1043 2000 1254 2046 intrasse
1280 1999 1583 2058 crediderim,
1617 2001 1672 2045 ut
1703 1998 1857 2046 filiam

167 2070 227 2117 ad
255 2087 305 2118 se
329 2073 611 2120 traduceret
636 2066 925 2139 (462sqq.).
968 2073 1101 2119 Num
1121 2071 1372 2120 Charisius
1399 2087 1592 2134 quoque
1617 2072 1858 2133 prodierit

164 2160 263 2192 non
295 2145 465 2206 liquet.
528 2146 746 2195 Chorum
785 2148 864 2195 vel
903 2147 1085 2194 iterum
1116 2147 1196 2193 vel
1227 2140 1484 2211 tertium3)
1519 2148 1741 2193 cantasse
1775 2146 1857 2193 ad-

164 2219 365 2266 modum
399 2221 654 2282 probabile
691 2223 778 2268 est.
834 2221 966 2268 Novi
998 2222 1139 2268 actus
1172 2219 1315 2267 initio
1343 2220 1600 2280 Sophrona
1630 2219 1798 2281 prodit
1830 2236 1854 2266 e

167 2291 421 2341 Smicrinis
448 2294 649 2342 aedibus
675 2296 851 2342 misere
875 2295 1153 2341 lamentans
1180 2293 1469 2355 Pamphilae
1504 2294 1851 2340 calamitatem.

166 2365 463 2427 Supervenit
494 2368 537 2415 ei
570 2368 770 2415 fidicina
801 2368 854 2414 in
884 2368 1110 2415 manibus
1143 2370 1341 2430 gestans
1374 2368 1612 2414 infantem
1641 2367 1853 2414 claman-

164 2443 278 2500 tem,
300 2442 439 2489 cuius
458 2444 666 2489 matrem
694 2443 852 2489 adhuc
876 2458 972 2489 non
998 2441 1270 2504 indagavit.
1304 2441 1367 2488 In
1393 2456 1568 2488 scaena
1585 2442 1705 2488 satis
1724 2441 1852 2488 male

164 2517 454 2561 conservata
512 2509 866 2581 (432—456)
922 2517 1150 2563 mulieres
1206 2530 1256 2562 se
1302 2515 1511 2562 invicem
1563 2517 1849 2576 agnoscunt.

163 2586 486 2636 Habrotonon
531 2589 755 2636 fraudem
800 2605 949 2637 suam·
980 2605 1077 2635 non
1117 2589 1241 2636 lucri
1282 2604 1428 2635 causa
1467 2587 1549 2635 sed
1590 2588 1652 2635 ad
1684 2605 1850 2635 veram.

241 2730 281 2783 1)
315 2728 425 2771 Eius
458 2743 626 2773 nomen
658 2729 853 2772 fortasse
887 2731 985 2772 erat
1020 2729 1213 2772 Simmia
1246 2728 1319 2784 (cf.
1351 2744 1391 2771 v.
1427 2730 1542 2784 404).

237 2789 280 2841 2)
315 2788 530 2830 Fortasse
554 2788 823 2831 Athenaeus
856 2789 977 2831 hanc
1009 2801 1225 2831 scaenam
1256 2787 1448 2843 respicit
1472 2801 1576 2830 cum
1602 2787 1718 2830 dicit
1742 2786 1847 2829 XIV

164 2845 288 2888 659b
324 2848 511 2899 μάλιετα
552 2848 807 2900 εἰεάγονται
847 2848 890 2891 οἱ
927 2849 1131 2901 μάγειροι
1173 2847 1416 2890 (κωπτικοί
1446 2858 1579 2901 τινες,
1621 2848 1683 2889 ὡς
1722 2847 1846 2899 παρὰ

163 2905 420 2961 Μενάνδρῳ
454 2908 503 2950 ἐν
537 2907 887 2960 Ἐπιτρέπουειν.

237 2965 279 3018 3)
312 2963 432 3006 Vide
465 2979 604 3020 supra
635 2980 679 3020 p.
707 2965 843 3008 XXII.
