2032 3162
184 145 311 190 XXII
859 143 1203 188 PRAEFATIO

184 287 284 334 tius
316 285 476 347 operis
509 283 671 347 capite
701 283 781 331 III
811 285 875 331 17
907 283 1152 331 Merulam
1198 283 1444 331 dicentem
1484 283 1607 332 facit
1637 283 1870 345 „tertium

185 362 350 407 aetum
393 359 451 407 de
482 357 792 421 pastionibus
824 356 1060 406 villaticis
1091 360 1265 419 postea
1293 357 1387 406 tibi
1426 355 1677 406 reddam“.
1730 357 1870 406 Licet

183 433 583 497 igiturHoratius
600 433 760 494 legem
777 445 920 479 suam
937 447 962 477 e
980 431 1302 494 scriptoribus
1315 430 1515 481 Graecis
1530 431 1765 493 hauserit,
1783 434 1871 495 qui

183 507 453 555 Menandro
476 522 575 554 non
599 506 757 553 multo
781 505 1077 553 recentiores
1101 508 1258 567 erant,
1289 506 1531 553 comicum
1553 506 1720 567 ipsum
1742 507 1869 554 eius-

183 598 277 644 que
311 581 544 643 aequales
576 579 772 627 fabulas
805 594 973 627 omnes
1003 579 1267 641 quinquies
1299 581 1514 641 partitos
1538 594 1642 629 esse
1666 579 1869 628 minime

183 649 437 721 constat.¹)
494 654 601 710 Qua
625 654 684 702 de
710 668 861 701 causa
882 652 936 700 in
960 652 1109 701 dubio
1133 669 1280 715 pon0,
1302 655 1471 701 utrum
1495 653 1672 701 chorus
1696 671 1743 702 v.
1761 655 1866 702 201

180 729 396 791 primum
420 728 722 791 apparuerit,
746 743 810 775 an
832 727 936 774 iam
958 729 1073 789 post
1089 727 1357 775 secundum
1373 743 1601 776 scaenam
1615 727 1867 788 prodierit.

180 802 288 851 Hoc
320 803 361 850 si
391 803 613 864 praefers
639 801 947 861 Smicrinem‚
971 800 1090 848 dum
1113 801 1289 850 chorus
1313 794 1553 868 cantat2),
1577 801 1631 849 in
1655 800 1870 852 Charisii

181 876 384 924 aedibus
408 876 595 924 versari
618 875 939 923 manifestum
963 876 1051 935 est,
1082 874 1208 922 illud
1240 876 1284 924 si
1314 891 1507 923 mecum
1530 876 1705 937 maviS,
1736 891 1868 924 scae-

179 966 296 999 nam
328 950 526 998 omnino
557 966 658 998 non
689 949 948 1011 reliquisse
981 951 1202 1010 apparet.

251 1024 361 1072 Iam
377 1024 601 1072 venimus
628 1023 692 1071 ad
708 1023 923 1085 primam
947 1038 1175 1071 scaenam
1195 1025 1551 1073 conservatam.
1591 1023 1723 1071 Dum
1741 1022 1868 1071 Smi-

179 1100 337 1147 crines
371 1100 484 1146 ante
515 1100 687 1160 portas
720 1099 822 1145 stat
855 1097 906 1144 in
931 1097 1102 1144 urbem
1127 1097 1366 1157 abiturus,
1400 1096 1671 1156 adveniunt
1697 1097 1869 1146 Davus

180 1174 228 1218 et
269 1172 493 1234 Syriscus
532 1172 790 1235 litigantes
830 1171 889 1218 de
930 1171 1139 1219 infantis
1179 1172 1496 1219 ornamentis.
1563 1170 1768 1219 Arbiter
1805 1171 1867 1219 ab

178 1246 247 1293 eis
280 1246 547 1294 advocatus
581 1245 845 1293 Smicrines
877 1246 1120 1293 infantem
1151 1248 1200 1293 et
1231 1247 1520 1294 ornamenta
1553 1243 1750 1307 Syrisco
1784 1245 1868 1293 ad-

177 1319 380 1383 iudicat,
411 1322 646 1383 ignorans
689 1335 739 1367 se
770 1319 865 1367 hoc
894 1319 1079 1366 iudicio
1118 1321 1249 1367 iusto
1281 1318 1429 1380 filiae,
1461 1318 1643 1382 generi,
1674 1319 1868 1381 nepotis

176 1395 406 1442 fortunae
439 1394 694 1442 consulere
729 1386 796 1459 (v.
835 1386 1092 1459 1—154).
1151 1392 1314 1455 Caput
1343 1393 1489 1440 huius
1522 1408 1727 1441 scaenae
1758 1394 1868 1455 pul-

178 1468 460 1530 cherrimae,
495 1485 522 1515 a
556 1483 657 1530 qua
687 1467 862 1514 fabula
893 1482 1072 1515 nomen
1106 1469 1313 1529 accepit,
1345 1481 1449 1515 non
1479 1465 1738 1515 inventum
1764 1481 1868 1515 esse

178 1558 207 1589 a
239 1542 507 1590 Menandro
539 1541 628 1590 sed
657 1542 892 1589 haustum
924 1556 981 1588 ex
1005 1542 1261 1603 Euripidis
1285 1541 1444 1603 Alope
1469 1542 1745 1602 complures
1771 1541 1869 1589 viri

177 1616 311 1663 docti
341 1609 738 1682 cognoverunt.⁸)
801 1614 987 1662 Locum
1017 1614 1222 1679 Hygini,
1255 1615 1340 1676 qui
1378 1614 1631 1676 Euripidis
1670 1617 1868 1678 tragoe-

176 1689 288 1737 diae
320 1692 610 1738 memoriam
642 1689 874 1750 servavit,
906 1691 1070 1736 totum
1102 1690 1375 1736 exscribam
1405 1703 1599 1737 necesse
1633 1691 1708 1736 est
1740 1682 1865 1754 (fab.

180 1757 331 1828 187):
372 1764 560 1825 „Alope
596 1762 859 1825 Cercyonis
891 1762 996 1810 filia
1027 1764 1382 1811 formosissima
1414 1778 1526 1810 cum
1558 1765 1698 1822 esset,
1730 1763 1863 1824 Nep-

176 1839 327 1885 tunus
352 1854 460 1885 eam
484 1838 787 1899 compressit,
812 1853 914 1898 qua
930 1852 987 1883 ex
1006 1838 1365 1898 compressione
1389 1837 1584 1898 peperit
1607 1838 1866 1898 infantem,

177 1927 324 1972 quem
354 1912 508 1959 inscio
540 1913 683 1973 patre
713 1910 898 1959 nutrici
933 1910 1070 1958 dedit
1101 1910 1452 1972 exponendum.
1516 1910 1612 1967 Qui
1642 1927 1753 1959 cum
1786 1926 1865 1957 ex-

175 1985 366 2046 positus
410 1987 550 2046 esset,
610 2001 736 2046 equa
777 1984 916 2033 venit
966 1987 1016 2032 et
1058 1984 1101 2031 ei
1145 1985 1222 2032 lac
1279 1984 1579 2046 praestabat.
1655 1984 1867 2041 Quidam

175 2061 345 2120 pastor
377 2076 558 2121 equam
583 2061 866 2121 persecutus
901 2058 1027 2106 vidit
1051 2059 1293 2106 infantem
1334 2061 1484 2120 atque
1511 2074 1624 2105 eum
1649 2059 1863 2107 sustulit.

176 2132 270 2188 Qui
301 2135 436 2181 veste
467 2134 606 2195 regia
638 2132 867 2180 indutum
902 2148 1012 2180 cum
1042 2134 1095 2178 in
1142 2148 1307 2180 casam
1338 2132 1551 2192 tulisset,
1584 2132 1711 2179 alter
1734 2147 1863 2181 com-

174 2210 346 2268 pastor
376 2209 587 2271 rogavit,
627 2209 683 2253 ut
717 2207 812 2255 sibi
845 2223 958 2253 eum
996 2207 1239 2254 infantem
1272 2206 1498 2267 donaret,
1529 2206 1616 2253 ille
1659 2205 1864 2255 donavit

175 2282 278 2327 sine
310 2283 457 2329 veste.
522 2280 646 2328 Cum
686 2282 855 2327 autem
893 2280 1024 2327 inter
1067 2295 1147 2327 eos
1180 2279 1399 2343 iurgium
1438 2282 1579 2340 esset,
1612 2279 1746 2341 quod
1777 2281 1864 2341 qui

173 2370 381 2415 puerum
444 2357 701 2416 acceperat
771 2349 988 2416 insignia
1052 2353 1378 2417 ingenuitatis
1432 2355 1723 2415 reposceret,
1777 2353 1862 2401 ille

176 2430 343 2475 autem
375 2445 472 2475 non
504 2428 658 2487 daret,
692 2427 1039 2475 contendentes
1080 2427 1142 2474 ad
1180 2443 1348 2490 regem
1391 2426 1687 2488 Cercyonem
1719 2443 1862 2474 vene-

173 2504 291 2548 runt
338 2505 386 2548 et
434 2502 723 2549 contendere
780 2504 1057 2562 coeperunt.
1127 2502 1218 2549 Ille
1260 2502 1427 2549 autem
1482 2502 1567 2562 qui
1620 2501 1864 2548 infantem

250 2716 292 2769 1)
326 2714 497 2757 Donati
528 2715 850 2758 testimonium
890 2714 946 2758 de
980 2715 1185 2770 quinque
1225 2716 1405 2759 actibus
1439 2715 1719 2759 Graecorum
1750 2728 1862 2770 poe-

174 2774 327 2816 tarum
360 2773 520 2829 (praef.
545 2775 632 2817 Ad.
658 2774 678 2816 I
704 2776 747 2829 4)
780 2787 873 2817 non
905 2773 1105 2816 multum
1135 2774 1273 2818 valet.

250 2834 293 2881 2)
327 2832 517 2875 chorum
549 2833 679 2888 prius
713 2832 884 2876 saltare
910 2832 1101 2875 desiisse
1127 2848 1268 2888 quam
1292 2835 1483 2876 cantare
1508 2831 1583 2889 (cf.
1603 2831 1783 2875 Philod.
1804 2832 1860 2875 de

174 2905 289 2933 mus.
315 2905 358 2946 p.
388 2896 441 2934 70
468 2891 539 2944 K.)
572 2892 743 2935 iterum
775 2895 916 2945 atque
948 2891 1117 2934 iterum
1149 2906 1327 2935 moneo.

250 2951 294 3004 3)
324 2950 479 2992 Fischl
511 2950 665 2994 Herm.
693 2954 762 3004 43,
798 2955 903 3002 3113
936 2950 1085 2993 Bodin
1118 2952 1164 2993 et
1196 2950 1358 2994 Mazon
1392 2950 1503 2994 edit.
1534 2965 1577 3005 p.
1605 2954 1673 2993 21.
