1974 3100
749 111 1179 156 ΕΠΙΤΡΕΠΟΝΤΕ(
1738 109 1807 162 27

59 261 145 302 180
208 247 327 302 οἷον
366 248 429 301 τὸ
469 251 626 301 canem
666 247 887 313 χρήματ’
927 247 1065 301 ἐετὶν
1104 247 1354 312 ὀρφανοῦ

208 337 422 390 παιδός·
464 337 494 389 ὁ
534 338 847 402 προεελθὼν
888 337 1046 389 εὐθὺς
1086 336 1341 400 ἁρπάζειν
1384 335 1577 400 βλέπει.

209 427 306 479 τὸν
346 427 631 479 δακτύλιον
671 426 773 488 Θέε,
814 426 962 491 φημί.
1015 425 1155 492 (Ον.)
1197 425 1537 489 προεπαίζειε
1577 425 1714 489 ἑμοί;

208 516 610 569 τοῦδεεπότου
651 515 757 578 ἐτί,
796 517 861 579 νὴ
903 516 999 568 τὸν
1038 514 1288 568 Ἀπόλλω
1328 515 1414 566 καὶ
1453 514 1623 566 θεούς.

6 603 143 671 (Cu.)
206 603 578 670 ἀποεφαγείην
618 606 886 670 πρότερον
927 605 994 657 ἂν
1035 605 1307 669 δήπουθεν
1347 604 1378 667 ἤ

65 705 148 746 185
211 694 386 763 τούτῳ
426 712 474 746 τι
513 695 859 758 καθυφείμην.
902 694 1083 759 ἄραρε,
1123 693 1396 757 δικάεομαι

212 781 372 835 ἅπαει
411 782 524 835 καθ’
566 783 682 835 ἕνα·
723 783 939 835 παιδίου
980 781 1119 843 ἐτίν,
1161 783 1259 834 οὐκ
1299 781 1411 845 ἐμά.

213 872 470 936 ετρεπτόν
510 890 558 924 τι
596 872 766 924 τουτί·
808 873 937 936 λαβὲ
977 872 1050 924 co.
1090 874 1349 936 πορφυρᾶ
1388 871 1597 935 πτέρυξ.

213 960 334 1012 εἴεω
376 962 435 1013 δὲ
474 961 698 1025 πάραγε.
748 962 807 1013 cs)
849 963 908 1013 δὲ
947 961 997 1012 τί
1037 978 1123 1025 μοι
1163 961 1357 1022 λέγεις
1399 960 1541 1027 (Ον.)
1583 960 1712 1022 ἑγώ;

213 1050 461 1114 Χαριείου
502 1050 627 1102 ἐτίν
668 1050 868 1102 οὑτοεί·
909 1050 1105 1102 τοῦτόν
1144 1066 1278 1102 ποτε

65 1151 151 1191 190
214 1139 423 1203 μεθύων
464 1138 709 1203 ἀπώλες’,
750 1140 823 1192 ὼε
864 1139 984 1204 ἔφη.
1040 1139 1173 1207 (Cn.)
1217 1139 1606 1204 Χαιρεετράτου

214 1227 312 1292 εἴμ’
353 1228 580 1294 οἰκέτης·
619 1230 650 1292 ἢ
693 1233 823 1297 (ῷζε
863 1232 1059 1282 τοῦτον
1099 1228 1355 1295 ἀεφαλῶε

212 1318 244 1381 ἤ
284 1318 390 1383 ’μοὶ
430 1319 538 1381 δόε,
581 1318 772 1386 [αὐτὸν
812 1317 908 1386 ὼε]
950 1319 1170 1383 παρέχω
1210 1322 1331 1371 (ῶν.
1381 1318 1523 1385 (Ον.)
1559 1317 1818 1382 βούλομαι

217 1407 380 1460 αὐτὸς
420 1407 725 1472 φυλάττειν.
790 1405 923 1477 (Cn.)
966 1408 1095 1460 οὐδὲ
1137 1408 1195 1460 ἕν
1237 1425 1324 1472 μοι
1364 1408 1630 1472 διαφέρει·

215 1495 288 1549 εἰ(
326 1497 493 1549 ταύτὸ
533 1497 634 1561 γὰρ
675 1497 1004 1562 παράγομεν,
1045 1497 1119 1549 ὼε
1160 1498 1276 1561 ἐμοὶ
1316 1500 1476 1561 δοκεῖ,

69 1597 154 1640 195
218 1584 363 1650 δεῦρ’
403 1585 715 1651 ἀμφότεροι.
773 1587 915 1654 (Ον.)
955 1588 1074 1639 νυνὶ
1114 1588 1209 1651 μὲν
1250 1586 1349 1638 οὖν
1390 1585 1672 1647 ευνάγουει
1713 1585 1796 1636 καί

140 1667 142 1670 ’
217 1675 316 1727 οὐκ
354 1675 492 1728 ἔετιν
533 1675 781 1740 εὔκαιρον
822 1676 884 1727 τὸ
926 1676 1142 1740 μηνύειν
1180 1675 1306 1728 ἴεωε

218 1764 365 1835 αὐτῷ
404 1766 525 1829 περὶ
563 1765 795 1817 τούτων·
838 1765 1025 1829 αὔριον
1066 1766 1138 1817 δέ.
1195 1765 1330 1831 (Cu.)
1370 1767 1670 1828 καταμενῶ·

218 1852 405 1917 αὔριον
445 1852 555 1923 ὅτῳ
597 1854 835 1918 βούλεεθ’
870 1854 1171 1918 ἐπιτρέπειν
1212 1853 1291 1906 ἑνὶ
1323 1854 1470 1922 λόγῳ

219 1942 442 2006 ἕτοιμος.
491 1943 620 1995 οὐδὲ
660 1946 758 1994 νῦν
800 1947 972 1995 κακῶς
1012 1943 1313 2007 ἀπήλλαχα.
1469 1998 1474 2003 ,

68 2043 156 2083 200
218 2031 438 2084 πάντων
479 2031 526 2084 δ’
567 2031 899 2096 ἀμελήεανθ’,
939 2033 1013 2085 ὡς
1054 2032 1240 2094 ἔοικεν,
1281 2036 1362 2085 δεῖ
1394 2029 1539 2084 δίκα(

219 2123 467 2184 μελετᾶν·
508 2121 596 2173 διὰ
635 2123 830 2174 τούτου
871 2121 1048 2173 πάντα
1080 2122 1198 2174 νυνὶ
1231 2124 1463 2190 εῴζεται.

804 2284 1010 2348 Χοροῦ

60 2387 154 2456 Ον,
216 2389 314 2440 τὸν
354 2389 638 2441 δακτύλιον
679 2389 898 2453 ὥρμηκα
937 2391 1091 2440 πλεῖν
1131 2389 1162 2451 ἢ
1203 2388 1452 2440 πεντάκις

143 2511 160 2531 ι,
222 2482 297 2545 τῷ
338 2478 565 2547 δεεπότῃ
608 2481 771 2531 δεῖξαι
811 2477 1137 2541 προεελθών,
1177 2478 1262 2528 καὶ
1301 2477 1513 2541 εφόδρα

285 2635 380 2680 180
420 2637 522 2680 οἷον
553 2636 673 2690 Lef.;
706 2640 760 2681 τό
794 2637 863 2691 K,
897 2640 1130 2681 ἀποεῶεαι
1162 2637 1258 2680 Lef.
1355 2635 1446 2680 181
1504 2633 1825 2690 mmchil„

133 2712 272 2755 ἄλλο(
296 2710 392 2754 Lef.
469 2709 562 2754 182
587 2712 877 2767 προεπαίζειε
902 2711 1003 2764 ἐμοί
1027 2710 1209 2766 Syrisco
1235 2711 1318 2754 dab
1342 2710 1473 2753 Rich.
1554 2708 1649 2753 190
1673 2706 1824 2763 suppl.

134 2783 229 2828 Lef.
328 2783 423 2828 192
458 2787 603 2830 αὐτὸν
628 2787 692 2830 ὼε
715 2784 843 2838 Wil.‚
877 2787 1006 2841 αὐτῷ
1030 2785 1090 2829 ἵν’
1114 2787 1164 2828 εὖ
1199 2798 1306 2828 oum
1338 2784 1458 2828 crasi
1490 2783 1655 2836 Head„
1687 2783 1826 2826 πάλιν

133 2859 212 2915 ἵνα
252 2858 365 2913 Leo,
409 2859 499 2904 οἴετ’
531 2861 588 2903 ἂν
620 2874 688 2904 cot
726 2858 930 2912 Leeuw.‚
971 2860 1036 2903 ὡς
1067 2860 1124 2902 ἄν
1157 2873 1224 2902 (οι
1255 2857 1409 2902 Herw.
1532 2855 1626 2900 193
1666 2854 1819 2911 suppl.

136 2920 255 2975 Cioi.
378 2931 472 2976 201
506 2935 678 2978 τούτου
713 2932 830 2976 Croi.
