2032 3162
1402 52 1414 79 b

779 124 1120 169 PRAEFATIO
1658 125 1806 169 XXIX

115 267 259 316 aedes
289 268 475 327 mittat,
506 267 564 314 ut
587 265 897 327 chlamydem
930 267 980 314 et
1010 265 1238 329 gladium
1270 266 1364 313 sibi
1397 265 1572 313 afferat
1596 259 1805 329 (312—

116 334 262 407 318).
319 341 412 389 l]le
444 340 531 402 qui
561 341 755 401 patrem
785 339 888 388 filio
919 341 1022 387 iam
1052 356 1152 388 non
1181 331 1339 387 irasci*
1366 339 1645 403 ignorabat,
1685 355 1805 387 cena

112 415 332 478 nuptiali
361 415 495 462 intus
528 415 728 475 aspecta
754 429 1053 477 magnopere
1085 414 1270 477 gaudet
1302 416 1351 461 et
1374 414 1630 461 dominum
1670 416 1806 462 omni

111 489 258 538 modo
298 503 602 537 commovere
641 490 870 548 conatur,
916 489 974 535 ut
1018 488 1208 549 nuptiis
1254 487 1445 549 paratis
1481 488 1690 535 fruatur.
1735 487 1805 535 At

113 563 333 612 Moschio
380 561 555 610 surdus
594 561 821 610 omnibus
858 561 1086 623 precibus
1120 561 1406 609 verberibus
1445 561 1805 609 Parmenonem

112 639 166 685 in
198 637 341 685 aedes
364 635 585 698 repellit,
616 638 724 683 tum
755 636 888 684 solus
920 636 1121 684 relictus
1155 635 1427 683 deliberare
1458 637 1651 698 incipit,
1686 636 1805 697 quid

112 712 179 759 sit
207 711 514 771 faciendum,
546 711 590 758 si
619 712 764 771 pater
795 712 967 758 contra
999 725 1136 771 spem
1166 726 1264 758 non
1306 713 1535 772 precetur
1573 712 1631 757 ut
1671 709 1805 758 domi

112 788 311 833 maneat
344 777 703 851 (325—341).
758 784 854 832 Hic
896 783 1063 832 deficit
1111 783 1284 844 codex,
1326 789 1384 831 ut
1432 783 1677 845 quomodo
1724 784 1805 832 hic

111 859 268 907 nodus
314 858 572 921 expeditus
620 859 686 905 sit
725 859 1023 918 nesciamus,
1071 858 1154 906 sed
1199 858 1399 906 fabulae
1441 858 1700 906 manifeste
1741 858 1806 906 ad

113 935 299 981 exitum
344 933 538 981 felicem
584 932 898 994 properantis
944 948 1044 979 non
1091 934 1165 980 ita
1210 933 1423 980 multum
1471 932 1637 980 deesse
1682 933 1803 981 satis

112 1009 301 1056 certum
332 1009 419 1055 est.

186 1081 362 1130 Restat
400 1084 458 1127 ut
497 1080 556 1128 de
595 1080 794 1128 fabulae
836 1083 999 1128 aetate
1039 1096 1199 1142 pauca
1240 1080 1434 1128 addam.
1478 1081 1552 1128 Ex
1585 1097 1640 1128 eo
1675 1081 1805 1142 quod

116 1172 156 1203 v.
184 1156 287 1203 258
316 1153 652 1216 Chaerephon,
676 1172 720 1203 v.
749 1156 851 1203 261
880 1154 1150 1202 Androcles
1175 1155 1460 1216 irridentur,
1485 1156 1723 1216 sequitur,
1748 1157 1805 1202 ut

110 1230 231 1278 haec
270 1228 524 1278 comoedia
563 1229 694 1276 inter
739 1229 924 1291 primas
956 1228 1216 1276 Menandri
1263 1229 1595 1278 adulescentis
1634 1245 1802 1276 nume-

109 1304 267 1351 randa
306 1305 386 1352 sit.
436 1303 565 1350 Nam
606 1319 705 1351 non
751 1303 913 1350 solum
957 1304 1082 1351 tales
1128 1304 1411 1364 aequalium
1460 1303 1802 1352 cavillationes

111 1378 415 1426 comoediam
458 1377 673 1424 mediam
712 1378 926 1438 sapiunt,
965 1377 1051 1424 sed
1082 1378 1133 1423 hi
1177 1377 1275 1439 ipsi
1306 1379 1403 1425 viri
1436 1394 1464 1425 a
1495 1378 1685 1425 mediae
1725 1393 1802 1425 co-

109 1452 330 1500 moediae
372 1453 533 1513 poetis
577 1453 772 1513 saepius
820 1453 980 1512 carpti
1026 1454 1152 1498 sunt.
1209 1451 1287 1498 Ab
1318 1451 1567 1499 Androcle
1620 1454 1802 1499 cetero·

111 1527 232 1587 quin
256 1528 427 1589 ignoto
451 1528 559 1573 tota
584 1524 837 1573 comoedia
871 1524 1063 1586 Sophili
1094 1541 1272 1573 nomen
1304 1526 1494 1587 accepit
1506 1519 1563 1589 1),
1597 1524 1803 1574 Chaere-

108 1600 242 1662 phon
273 1600 538 1662 parasitus,
571 1601 708 1647 cuius
741 1599 866 1647 liber
901 1599 1122 1648 δεῖπνον
1160 1601 1214 1647 in
1256 1599 1557 1648 bibliotheca
1590 1600 1802 1647 Alexan-

110 1674 252 1722 drina
266 1674 493 1722 exstabat
503 1667 560 1740 2),
574 1674 758 1721 iterum
776 1676 924 1735 atque
947 1675 1127 1721 iterum
1145 1674 1375 1721 illuditur
1384 1667 1426 1740 3)
1442 1674 1502 1721 ab
1517 1675 1803 1735 Antiphane

108 1747 162 1795 in
194 1747 379 1810 Scytha
411 1742 494 1813 (fr.
531 1749 633 1795 199
668 1741 768 1812 K),
800 1747 861 1795 ab
894 1748 1101 1796 Alexide
1140 1750 1192 1794 in
1226 1747 1801 1810 Synapothnescontibus

110 1816 194 1890 (fr.
230 1824 335 1870 210
367 1816 452 1887 K.)
493 1824 544 1869 et
586 1821 823 1885 Phygade
869 1815 949 1888 (fr.
986 1823 1089 1870 257
1125 1816 1224 1887 K),
1266 1839 1296 1870 a
1335 1822 1552 1870 Timocle
1592 1824 1645 1870 in
1684 1823 1801 1883 Epi-

112 1897 257 1945 stolis
290 1891 372 1961 (fr.
409 1898 437 1944 9
472 1889 573 1962 K),
612 1912 642 1943 a
674 1896 932 1944 Timotheo
965 1897 1019 1943 in
1053 1895 1266 1958 Cynario
1300 1890 1382 1961 (fr.
1421 1891 1496 1962 1),
1540 1913 1568 1943 a
1600 1897 1800 1945 Menan—

110 1971 198 2019 dro
236 1972 345 2032 ipso
388 1972 441 2017 in
479 1970 641 2030 prima
681 1987 830 2032 quam
863 1970 1030 2018 docuit
1063 1970 1235 2018 fabula
1267 1969 1395 2034 Orge
1437 1965 1517 2036 (fr.
1555 1971 1659 2018 364
1701 1965 1802 2037 K),

111 2045 163 2092 in
197 2044 500 2106 Cecryphalo
534 2037 709 2110 (277),
740 2045 792 2091 in
816 2044 1122 2107 Androgyno
1158 2037 1240 2110 (fr.
1270 2046 1335 2093 56
1370 2039 1470 2110 K),
1505 2045 1565 2092 ab
1598 2044 1800 2106 Apollo-

111 2119 230 2167 doro
271 2117 422 2167 Geloo
461 2118 514 2164 in
557 2117 738 2166 Hierea
787 2111 868 2184 (fr.
906 2120 973 2165 24
1008 2112 1090 2183 K)
1136 2122 1185 2165 et
1230 2119 1284 2166 in
1325 2118 1685 2180 Sphattomena
1718 2113 1799 2183 (fr.

113 2194 179 2241 26
210 2186 305 2259 K..)
352 2191 475 2240 Cum
490 2192 544 2238 hi
566 2195 742 2253 poetae
761 2208 928 2240 omnes
952 2196 1150 2253 praeter
1174 2192 1499 2239 Menandrum
1525 2196 1574 2240 et
1598 2193 1800 2254 Apollo-

111 2268 284 2315 dorum
316 2266 506 2314 mediae
540 2267 821 2314 comoediae
861 2266 1266 2326 adnumerentur,
1305 2266 1564 2315 Menandri
1606 2283 1801 2328 quoque

109 2342 320 2401 fabulas,
351 2343 405 2387 in
430 2340 607 2401 quibus
636 2339 956 2402 Chaerephon
982 2344 1406 2401 commemoratur,
1444 2341 1584 2402 quasi
1610 2342 1662 2388 in
1688 2357 1800 2388 con-

111 2415 227 2462 finio
260 2415 450 2462 mediae
484 2417 532 2462 et
565 2430 722 2462 novae
757 2415 1038 2462 comoediae
1073 2430 1176 2462 esse
1211 2409 1479 2480 apparet.4)

188 2640 229 2693 1)
261 2639 427 2684 Athen.
451 2642 516 2686 III
535 2648 653 2686 123e
670 2666 725 2680 =
743 2643 796 2686 fr.
827 2650 848 2687 1
870 2644 937 2696 K,
973 2644 1035 2688 VI
1059 2645 1183 2687 228b
1205 2667 1256 2680 =
1275 2644 1329 2688 fr.
1359 2650 1382 2686 2
1410 2644 1478 2698 K,
1506 2645 1562 2687 cf.
1590 2644 1799 2687 Breiten-

112 2696 246 2750 bach,
289 2698 354 2742 De
394 2715 562 2756 genere
601 2704 804 2756 quodam
841 2703 1087 2746 titulorum
1132 2703 1400 2746 comoediae
1441 2704 1624 2747 Atticae
1656 2719 1701 2759 p.
1727 2707 1797 2747 46.

186 2758 230 2812 2)
262 2759 428 2803 Athen.
462 2761 525 2804 Vl
550 2765 635 2804 244
647 2775 686 2804 a.

188 2820 232 2873 3)
264 2816 551 2863 Testimonia
584 2822 769 2864 exstant
794 2821 918 2877 apud
944 2822 1112 2864 Athen.
1138 2821 1202 2864 IV
1229 2826 1312 2865 164
1324 2821 1353 2866 f.
1389 2825 1435 2865 et
1461 2821 1523 2863 Vl
1552 2826 1635 2863 243
1671 2835 1797 2864 a—e.

188 2878 231 2931 4)
263 2877 599 2935 Androgynum
646 2879 855 2923 eiusdem
902 2880 997 2924 fere
1038 2881 1208 2923 aetatis
1250 2894 1348 2924 esse
1396 2883 1538 2936 atque
1580 2879 1734 2936 Orgen
1775 2894 1798 2923 e

112 2934 236 2978 bello
270 2935 488 2981 Lamiaco
522 2941 879 2983 commemorato
912 2939 961 2982 in
993 2940 1047 2982 fr.
1082 2944 1136 2982 52
1171 2940 1476 2995 cognoscitur.
