1980 3168
905 131 1094 176 κοΛΑΞ
1346 199 1348 201 v
1737 127 1843 182 185

250 306 447 317 ......
461 264 645 333 ]τιάδα
683 269 873 328 πωλῶ;
915 267 986 331 μὰ
1024 268 1153 320 τοὺς
1193 267 1404 319 δώδεκα
1443 265 1599 318 θεούς

238 354 337 408 οὐκ
376 353 625 423 ἄς]μενος
664 355 751 407 διὰ
790 358 1008 408 τοῦτον·
1048 356 1080 420 ἡ
1124 356 1213 421 μία
1252 354 1508 420 λαμβάνει

238 442 366 497 ὅςον
406 445 527 509 οὐχὶ
566 445 708 507 δέκα,
749 447 890 509 τρεῑς
929 448 1063 509 μνᾶς
1104 445 1322 510 ἑκάςτης
1360 444 1560 510 ἡμέρας

236 534 384 599 παρὰ
420 536 518 587 τοῦ
559 535 731 587 ξένου.
786 534 1004 586 δέδοικα
1043 533 1088 586 δ’
1122 532 1267 586 οὕτω
1307 532 1597 598 λαμβάνειν

248 664 407 674 .....
422 625 522 676 λου
563 623 664 687 γὰρ
707 622 1000 688 ἁρπάςονθ’
1032 622 1166 676 ὅταν
1205 622 1358 686 τύχηι

118 723 176 764 90
238 711 451 780 αὐτήν].
491 711 779 775 δικάςομαι,
819 710 1088 777 πράγμαθ’
1120 712 1236 774 ἕξω,
1279 711 1546 776 μάρτυρας

234 799 512 870 [παρέχειν
552 801 746 869 δεήςει]

296 960 359 1006 85
390 962 435 1006 τί
466 962 508 1007 δ’
532 962 754 1016 Ἰςθμιάδα
785 961 878 1005 Leo
986 961 1049 1005 86
1082 963 1170 1006 οὐκ
1201 963 1396 1016 ἄςμενος
1427 960 1498 1015 Κ,
1538 961 1844 1015 ἀπατώμενος

148 1034 224 1080 Gr.
250 1034 323 1090 H„
356 1037 413 1080 οὐ
439 1037 632 1090 θέλομεν
664 1037 721 1080 οὐ
745 1035 861 1090 Le03
893 1038 922 1091 ἡ
951 1036 1030 1091 μία
1054 1037 1275 1091 λαμβάνει
1297 1035 1405 1090 Leo,
1436 1037 1465 1090 ἡ
1501 1035 1561 1089 μί’
1585 1035 1842 1090 ἐλάμβανεν

147 1107 224 1154 Gr.
256 1108 313 1153 H.
415 1108 475 1153 87
519 1109 671 1165 suppl.
703 1109 796 1153 Leo
903 1109 965 1154 88
1006 1110 1160 1166 suppl.
1200 1108 1275 1153 Gr.
1309 1109 1367 1153 Η.
1467 1108 1531 1152 89
1569 1111 1625 1154 τὸ
1657 1110 1841 1154 λοιπόν
1892 1104 1902 1110 ”

146 1185 202 1228 οὐ
229 1183 337 1239 Leo,
362 1183 445 1227 sed
471 1183 789 1241 obloquunfiur
814 1183 890 1229 Gr.
915 1184 973 1229 H.
1001 1182 1083 1228 Ox.
1109 1183 1222 1240 Pap.
1240 1183 1283 1227 V
1300 1188 1401 1238 313,
1433 1186 1488 1228 τὸ
1513 1184 1703 1239 πρᾶγμ’·
1739 1183 1842 1227 ἰδού

145 1257 228 1301 Ro,
340 1257 407 1302 90
438 1259 589 1313 αὐτήν
627 1258 727 1314 RQ,
776 1261 938 1313 ἀμυνῶ
979 1258 1093 1313 Le03
1143 1260 1380 1314 μάρτυρας
1424 1259 1643 1312 παρέχειν
1692 1259 1840 1312 δεήςει

147 1331 300 1389 suppl.
334 1332 427 1376 Leo

296 1407 357 1450 ad
412 1419 568 1451 versus
625 1407 890 1464 deperditos
953 1409 1137 1463 spectat
1190 1406 1421 1451 scholion:
1486 1407 1840 1451 Ἀςτυάνακτος·

145 1486 231 1526 τοῦ
264 1481 487 1537 Μιληςίου
521 1482 859 1527 Ἀςτυάνακτος
889 1484 1051 1526 πολλοὶ
1084 1482 1264 1537 ςφόδρα
1294 1485 1393 1525 τῶν
1424 1483 1843 1538 κωμῳδιογράφων

147 1556 413 1611 μέμνηνται.
449 1557 634 1610 ἐγένετο
657 1557 747 1611 γὰρ
771 1554 1154 1611 παγκρατιαςτὴς
1169 1557 1408 1612 κράτιςτος
1431 1559 1529 1599 τῶν
1555 1554 1658 1599 καθ’
1681 1557 1842 1611 αὑτόν,

139 1630 407 1684 ἣγωνίςατο
448 1632 499 1675 δὲ
538 1633 613 1675 καὶ
651 1636 839 1688 πυγμῇι.
906 1630 1234 1686 Ἐρατοςθένης
1273 1630 1315 1675 δ’
1345 1631 1397 1674 ἐν
1425 1635 1495 1686 τῷ
1515 1633 1639 1674 ,τῶν
1681 1629 1841 1684 Ὀλυμ-

143 1709 367 1750 πιονικῶν
397 1707 585 1761 προθεὶς
614 1707 690 1760 ρ-ιξ
722 1704 1007 1759 Ὀλυμπιάδα
1039 1707 1142 1762 (316
1177 1718 1217 1749 a.
1245 1703 1366 1759 (Ἧπ.)
1397 1704 1557 1759 φηςίν·
1592 1703 1841 1750 Ἀςτυάναξ

147 1779 173 1821 ὁ
205 1779 425 1833 Μιλήςιος
455 1782 485 1826 ξ
537 1781 625 1833 τὴν
657 1779 875 1834 περίοδον
908 1779 1095 1823 ἀκονιτί.
