2032 3162
199 162 343 206 XLIV
878 160 1218 205 PRAEFATIO

422 301 606 363 „Colax
636 300 964 349 Menandrist:
1004 302 1059 349 in
1090 304 1196 349 east
1226 303 1476 363 parasitus
1516 302 1656 351 colax

425 378 476 423 et
504 376 646 424 miles
678 375 937 439 gloriosuS,
969 390 1051 423 eas
1083 391 1134 424 se
1165 375 1247 422 hic
1276 391 1374 423 non
1406 379 1557 440 negat

422 465 658 512 personas
689 449 1009 498 transtulisse
1038 451 1093 497 in
1115 449 1410 497 Eunuchum
1434 449 1621 498 suam.“

272 554 382 602 Hae
418 569 657 616 personae
694 555 749 601 in
787 553 958 601 charta
989 555 1268 616 tanguntur
1299 546 1577 620 (28—67),
1617 555 1714 619 sed·
1747 557 1888 617 ipsae

198 644 298 676 non
328 628 605 690 procedunt
640 629 694 674 in
735 642 976 676 scaenam.
1031 626 1297 676 Praeterea
1325 628 1379 675 in
1418 628 1672 676 comoedia
1705 628 1888 677 Veneri

197 703 499 766 vulgivagae
532 717 561 748 a
592 701 869 749 teti-adistis
902 701 1143 750 sacrificia
1174 701 1308 749 facta
1341 717 1444 750 esse
1478 697 1719 768 scimus,¹)
1761 719 1888 765 quae

197 777 251 823 in
282 777 455 825 charta
495 790 693 837 quoque
734 778 1181 823 commemorantur
1214 769 1309 841 (10
1326 769 1437 842 sq.).
1492 775 1600 824 Iam
1631 777 1890 825 videamus

200 866 325 912 quae
358 866 416 898 ex
448 850 621 898 charta
653 849 712 897 de
745 849 1026 897 comoediae
1051 851 1342 912 argumento
1368 850 1674 912 singulisque
1698 852 1890 900 scaenis

199 925 449 972 enucleari
464 925 679 985 possint:
704 923 890 971 Ternas
909 923 1067 984 aedes,
1097 923 1305 984 Biantis,
1325 924 1516 972 lenonis
1534 918 1645 991 (76,
1663 918 1756 990 80)
1774 925 1890 973 Phi-

200 998 310 1046 diae
342 999 393 1045 in
426 1013 602 1046 scaena
633 998 786 1046 fuisse
810 998 916 1045 veri
947 997 1108 1045 simile
1142 999 1229 1046 est.
1280 997 1340 1045 In
1370 998 1533 1060 prima
1564 1012 1742 1046 scaena
1771 999 1886 1046 Phi-

199 1073 306 1120 dias
324 1088 434 1119 cum
458 1071 656 1134 Doride,
682 1071 868 1120 amicae
894 1072 1077 1119 ancilla
1102 1071 1319 1133 colloqui
1341 1071 1551 1120 videtur.
1602 1072 1753 1120 Pater
1776 1089 1888 1121 eum

197 1147 406 1194 Athenis
437 1147 691 1208 profectus
722 1147 922 1208 inopem
951 1145 1170 1207 reliquit,
1207 1147 1281 1193 ita
1313 1148 1370 1193 ut
1396 1161 1499 1197 ,non
1528 1146 1725 1208 habeat,
1757 1147 1888 1194 unde

197 1220 415 1282 puellam
455 1222 674 1267 amatam
714 1235 739 1267 e
779 1220 1013 1280 lupanari
1049 1219 1263 1266 redimat
1302 1213 1533 1286 (1—23).
1589 1221 1716 1268 Tum
1757 1221 1889 1269 idem
1926 1216 1930 1220 ’

199 1288 307 1342 cum
341 1309 481 1342 servo
514 1294 704 1342 seniore
738 1287 857 1360 (55)
890 1293 1203 1355 colloquitur.
1238 1293 1538 1342 Gravissime
1562 1295 1813 1342 invehitur
1834 1296 1889 1342 in

197 1368 428 1416 Biantem
458 1368 685 1428 militem,
718 1369 806 1429 qui
829 1383 986 1428 nuper
1016 1383 1204 1429 pauper
1234 1369 1337 1415 iam
1367 1384 1456 1429 per
1484 1368 1720 1416 iniuriam
1752 1369 1894 1417 dives

196 1444 358 1491 factus
390 1444 465 1490 est
479 1436 520 1508 2)
561 1435 830 1508 (26-53).
894 1441 1073 1489 Servus
1105 1458 1204 1489 non
1236 1444 1342 1489 tam
1371 1442 1583 1490 militem
1613 1443 1887 1490 timendum

200 1532 305 1564 esse
330 1532 480 1579 quam
513 1516 822 1564 adulatorem
848 1516 1185 1564 demonstrare
1222 1516 1388 1563 studet
1413 1512 1601 1582 (54—6
1612 1510 1679 1583 7).
1712 1517 1890 1565 Exitus

197 1591 348 1638 huius
382 1605 555 1638 scenae
588 1590 737 1638 deest.

271 1664 347 1711 Ea
379 1680 504 1726 quae
537 1666 828 1726 sequuntur,
862 1679 1168 1725 quamquam
1190 1679 1289 1711 non
1312 1664 1472 1711 multa
1497 1664 1690 1725 desunt,
1720 1666 1887 1712 tamen

198 1741 317 1786 sunt
356 1738 574 1786 obscura.
630 1737 764 1786 Leno
806 1737 1050 1785 deliberat
1088 1754 1199 1785 cum
1240 1738 1397 1785 amico
1441 1738 1610 1799 aliquo
1642 1753 1757 1786 suas
1794 1754 1886 1787 res.

198 1812 382 1860 Metuit
405 1812 616 1860 militem
642 1805 778 1878 (71),
801 1812 984 1860 metuit
1009 1811 1369 1860 adulescentem
1397 1827 1596 1873 quoque
1619 1827 1888 1874 pauperem

198 1882 292 1950 (78
319 1880 441 1953 sq),
495 1887 548 1933 ni
587 1886 738 1934 faHor
775 1886 1018 1933 Phidiam.
1078 1885 1326 1948 Puellam,
1367 1886 1555 1935 scilicet
1590 1901 1699 1933 eam
1737 1902 1887 1948 quam

197 1959 399 2008 Phidias
443 1963 601 2021 amat,
644 1959 854 2008 vendere
886 1975 986 2008 non
1017 1959 1148 2020 vult,
1192 1961 1311 2021 quia
1342 1976 1399 2007 ex
1438 1975 1497 2008 ea
1533 1976 1769 2023 magnam
1804 1976 1887 2022 pe·

199 2036 395 2081 cuniam
413 2034 536 2082 facit
559 2027 834 2100 (85—88),
852 2034 937 2082 sed
961 2036 1174 2095 veretur,
1198 2049 1259 2081 ne
1284 2033 1380 2082 sibi
1404 2033 1645 2095 eripiatur
1674 2050 1763 2096 per
1785 2034 1887 2082 vim

198 2101 466 2174 (88—90).
522 2107 776 2164 Quomodo
807 2107 978 2155 fabula
1008 2109 1304 2170 processerit
1340 2124 1401 2155 ne
1440 2108 1657 2156 divinari
1688 2107 1888 2170 quidem

196 2184 375 2243 potest,
424 2198 448 2229 e
490 2182 691 2230 Terenti
722 2181 961 2229 Eunucho
1005 2181 1132 2229 nihil
1164 2182 1266 2229 fere
1299 2181 1361 2229 ad
1394 2197 1514 2229 eamv
1533 2180 1890 2229 restituendam

196 2255 460 2313 lucramur.
515 2255 623 2303 Hoc
653 2272 806 2303 unum
840 2255 1134 2304 contendere
1165 2255 1282 2303 licet
1312 2255 1544 2303 Biantem
1576 2257 1626 2303 et
1655 2254 1886 2302 Phidiam

198 2329 403 2377 eandem
442 2330 663 2390 puellam
704 2345 893 2390 amare,
941 2329 1071 2376 hunc
1109 2331 1222 2390 post
1252 2330 1417 2377 varios
1457 2344 1597 2377 casus
1636 2329 1885 2376 aemulum

196 2419 406 2450 vincere.

272 2476 351 2523 Ad
382 2477 579 2525 fabulae
620 2479 837 2524 aetatem
878 2477 1204 2524 definiendam
1249 2492 1437 2524 summo
1482 2477 1597 2524 usui
1635 2478 1708 2523 est
1747 2476 1882 2524 scho-

198 2551 303 2597 lion
334 2552 512 2598 tertiae
546 2551 802 2598 columnae
835 2543 1230 2616 subscriptum.3)
1277 2551 1406 2597 Nam
1440 2565 1550 2597 cum
1588 2551 1641 2596 in
1674 2565 1729 2596 eo
1763 2550 1882 2596 Era-

277 2677 318 2730 1)
350 2676 519 2720 Athen.
553 2676 659 2721 XIV
684 2681 769 2719 659
790 2676 818 2718 d
837 2699 891 2713 =
910 2676 964 2718 fr.
987 2681 1026 2719 2.

275 2736 317 2787 2)
350 2734 443 2778 Leo
470 2749 630 2779 versus
654 2740 710 2778 42
737 2749 836 2790 sqq.
862 2749 957 2778 non
990 2735 1050 2778 ad
1074 2735 1275 2777 militem
1302 2734 1383 2777 sed
1409 2734 1468 2776 ad
1492 2734 1747 2789 parasitum
1780 2746 1886 2788 per-

200 2793 353 2859 tinere
386 2795 540 2849 putat,
581 2795 656 2837 vix
688 2796 829 2848 recte,
862 2808 985 2849 nam,
1018 2795 1072 2836 ut
1104 2794 1200 2836 alia
1232 2793 1460 2846 omittam,
1492 2806 1627 2836 nemo
1651 2792 1887 2848 parasitus

199 2851 330 3012 ἓξὲξ
353 2854 765 3012 ἕξῂᾘτῖξεξῃῦαοὴ,
805 2911 873 2955 De
907 2924 1074 2967 genere
1108 2911 1310 2965 quodam
1341 2909 1586 2953 titulorum
1619 2908 1884 2953 comoediae

286 2983 400 3022 icae,
433 2985 477 3025 p.
594 3004 603 3014 .
