1980 3168
843 157 1102 202 ΠΕΡΙΝΘΙΑ
1347 197 1350 200 ,
1716 158 1817 210 197
1857 164 1859 166 ’

224 334 828 344 .................
857 293 1163 358 φερόμενος
1201 294 1303 358 γὰρ
1343 293 1442 346 κάν
1482 294 1657 363 κύκλῳ

225 423 793 434 ................
819 399 961 446 ρτων
1001 380 1048 434 τ’
1080 382 1185 435 ἐςτὶ
1223 383 1287 435 τό

139 607 145 610 Δ
282 540 355 589 23,
378 541 438 584 ad
475 540 724 585 articulum
756 541 806 584 in
836 541 928 585 fine
958 554 1117 586 versus
1152 541 1210 586 cf.
1235 541 1388 587 Perik.
1417 547 1516 597 243,
1558 541 1724 599 Georg.
1751 547 1820 599 26,

133 614 229 658 alia
261 614 473 672 exempla
503 614 740 673 congessit
768 614 1072 659 Kretschmar
1102 630 1146 672 p.
1174 620 1243 661 27.

953 1049 1002 1100 4.

419 1167 506 1219 ἐπὶ
544 1169 655 1219 τῶν
696 1165 913 1231 ἁμαξῶν
955 1166 1046 1219 εἰςι
1087 1169 1344 1231 πομπεῖαί
1384 1185 1523 1220 τινες

330 1250 334 1252 ἡ
420 1243 631 1322 ςφόδρα
671 1256 908 1320 λοίδοροι

275 1386 515 1443 Hal-poor„
554 1385 713 1442 Phot„
753 1385 880 1429 Suid.
914 1408 970 1423 =
1002 1386 1056 1431 fr.
1091 1390 1175 1430 396
1208 1387 1262 1431 Κ.
1311 1388 1539 1442 πομπείας
1586 1391 1661 1431 καὶ
1706 1403 1821 1441 πομ-

127 1462 305 1506 πεύειν·
347 1461 449 1505 ἀντὶ
479 1465 566 1505 τοῦ
606 1460 837 1515 λοιδορίας
869 1463 943 1504 καὶ
975 1464 1202 1516 λοιδορεῖν
1235 1496 1393 1505 .....
1427 1464 1456 1517 ἡ
1492 1463 1736 1517 μεταφορὰ
1769 1464 1820 1505 δὲ

128 1536 220 1580 ἀπὸ
250 1540 349 1580 τῶν
381 1535 432 1579 ἐν
461 1540 562 1579 ταῖς
594 1536 915 1579 Διονυςιακαῖς
953 1540 1159 1588 πομπαῖς
1197 1537 1270 1579 ἐπὶ
1308 1540 1405 1579 τῶν
1446 1536 1635 1589 ἁμαξῶν
1674 1539 1820 1580 λοιδο-

126 1611 371 1664 ρουμένων
404 1609 637 1663 ἀλλήλοις·
671 1609 942 1664 Μένανδρος
973 1609 1195 1666 Περινθίᾳ
1229 1611 1319 1653 κτὲ.

951 1773 999 1826 5.

803 1894 1057 1958 οὐδεμίαν
1096 1895 1129 1958 ἡ
1171 1897 1337 1958 γραῦς
1378 1893 1518 1945 ὅλως

394 1983 581 2035 κύλικα
621 1986 873 2047 παρῆκεν,
916 1981 1053 2034 ἀλλὰ
1095 1983 1234 2035 πίνει
1274 1985 1370 2046 τὴν
1412 1983 1601 2051 κύκλῳ.

275 2112 443 2156 Athen.
476 2112 539 2156 XI
566 2116 690 2155 5043,
722 2134 776 2148 =
811 2111 863 2154 fr.
892 2117 974 2154 397
1004 2112 1056 2156 K.
1090 2115 1194 2170 (τὴν
1227 2115 1420 2168 φιάλην)
1452 2117 1557 2158 πᾶςι
1590 2118 1686 2157 τοῖς
1720 2117 1819 2168 φιλ-

125 2188 284 2232 τάτοις
315 2189 460 2232 ἔδωκε
492 2193 560 2244 τῷ
592 2189 719 2231 παιδὶ
750 2190 1004 2241 περιςοβεῖν
1031 2188 1100 2242 [ἐν
1126 2189 1298 2244 κύκλῳ]
1325 2189 1551 2242 κελεύςας,
1584 2189 1639 2231 τὸ
1665 2188 1817 2243 κύκλῳ

126 2260 274 2305 πίνειν
303 2260 434 2305 τοῦτ’
458 2262 574 2304 εἶναι
607 2263 770 2316 λέγων,
804 2262 1168 2315 παρατιθέμενος
1194 2263 1471 2316 Μενάνδρου
1498 2262 1548 2304 ἐκ
1572 2261 1818 2316 Περινθίας

127 2336 218 2380 κτὲ.
327 2335 353 2378 1
388 2334 574 2390 ἤγρευς’
598 2335 649 2376 Α.
684 2347 796 2378 corr.
830 2334 947 2377 Mus.
1066 2333 1094 2377 2
1129 2335 1227 2378 ἀλλ’
1252 2335 1370 2379 ἔπιν’
1394 2337 1463 2379 ἀεὶ
1496 2337 1647 2391 κύκλῳ
1682 2333 1815 2378 Kaib.

130 2406 411 2451 describitur
441 2407 700 2451 temulenta
732 2406 971 2459 obstetrix,
1007 2407 1062 2449 cf.
1099 2406 1199 2451 Ter.
1234 2408 1352 2450 And.
1388 2412 1474 2450 ‘228
1494 2422 1592 2463 sqq.

952 2575 996 2623 0.

396 2691 457 2741 τὸ
500 2691 713 2742 παιδίον
754 2690 801 2742 δ>
835 2691 1071 2753 εἰςῆλθεν
1114 2691 1349 2754 ἑψητοὺς
1391 2692 1590 2755 φέρων.

243 2818 413 2863 Athen.
431 2819 516 2863 VH
541 2819 666 2863 301b
692 2841 746 2856 =
772 2819 827 2863 fr.
854 2823 938 2862 398
964 2819 1018 2863 Κ.
1051 2824 1373 2876 πληθυντικῶς
1398 2821 1447 2863 δὲ
1470 2821 1676 2871 λέγουςιν
1704 2821 1815 2875 ἑψη-

125 2895 237 2937 τοὺς
261 2894 338 2948 (τὰ
363 2894 507 2937 λεπτὰ
532 2893 727 2949 ἰχθύδια)
761 2895 879 2937 κατὰ
911 2895 965 2937 τὸ
998 2897 1221 2938 πλεῖςτον.
1258 2929 1265 2938 .
1287 2929 1295 2937 .
1318 2929 1324 2936 .
1346 2895 1620 2948 Μένανδρος
1650 2894 1814 2947 Περιν-

125 2966 200 3024 θίᾳ
233 2967 310 3010 κτὲ
428 2966 469 3009 δ’
501 2979 587 3009 om.
621 2966 674 3008 A.
710 2993 762 2998 -—
797 2966 915 3010 Davi
948 2966 1087 3011 verba
1120 2968 1239 3020 sunt,
1275 2966 1330 3010 cf.
1365 2966 1465 3010 Ter.
1505 2966 1621 3008 And.
1656 2970 1753 3008 369.
