2032 3162
215 76 407 120 XXXIV
894 74 1237 120 PRAEFATIO

213 233 411 280 ponam.
428 209 470 283 1)
541 215 773 264 Procedit
812 214 1023 277 Glycera
1071 231 1196 277 quae
1241 215 1542 265 condicionis
1585 216 1906 278 iniquitatem

215 292 493 339 lamentata
527 282 646 356 (40)
679 289 758 338 vel
788 289 894 338 sola
925 289 1007 338 vel
1037 304 1148 337 cum
1173 289 1358 337 Doride
1382 291 1552 353 fugam
1576 306 1602 338 6
1624 290 1904 339 Polemonis

217 365 421 413 aedibus
445 366 606 426 parat.
649 363 757 410 Iam
782 364 1010 425 sequitur
1031 363 1265 426 prologus
1281 359 1526 422 Ἀγνοίαε
1551 357 1671 431 (21)
1698 364 1816 413 deae
1841 364 1904 412 ad

215 440 307 487 hoc
338 440 501 501 ipsum
537 455 564 484 a
596 437 867 485 Menandro
900 430 1166 502 creatae3),
1207 453 1333 499 quae
1373 439 1423 485 et
1460 437 1520 486 de
1551 440 1666 485 ante
1700 438 1823 487 actis
1855 439 1906 486 et

217 513 275 561 de
307 513 443 561 felici
483 512 682 560 fabulae
723 512 859 559 exitu
900 513 1201 573 spectatores
1242 512 1474 560 certiores
1513 512 1635 560 facit
1675 505 1904 578 (1—51).

218 587 344 634 Tum
375 586 546 649 prodit
578 585 743 633 Sosias
776 600 805 632 a
836 584 1099 633 Polemone
1130 585 1329 647 missus,
1367 587 1426 633 ut
1463 585 1663 634 domino
1693 585 1906 648 pallium

217 662 452 723 apportet
483 662 533 708 et
565 659 686 722 quid
717 661 837 722 agat
860 657 1071 721 Glycera
1101 659 1353 707 renuntiet
1375 686 1433 692 —
1458 675 1571 707 nam
1604 661 1707 708 iam
1736 660 1905 721 poeni-

218 738 294 783 tet
325 735 470 782 illum
511 733 818 782 crudelitatis
863 735 913 780 et
953 748 1228 780 maerorem
1265 733 1476 795 prandio
1516 749 1625 781 cum
1659 733 1907 782 sodalibus

219 808 452 857 instituto
483 808 669 870 pellere
702 808 910 855 conatur
941 833 992 840 ——
1031 809 1081 854 et
1109 807 1283 869 paullo
1314 809 1429 869 post
1461 823 1486 855 6
1516 807 1797 856 Polemonis
1828 823 1906 856 ae-

219 882 364 931 dibus
394 881 619 944 procedit
656 881 805 929 Doris
846 882 998 929 missa
1039 897 1068 929 a
1101 879 1311 943 Glycera
1344 882 1404 928 ad
1436 881 1725 943 Myrrinam,
1764 883 1906 930 cuius

217 958 403 1005 ostium
433 957 603 1019 pulsat
637 955 868 1003 dominae
898 955 1124 1003 miserias
1157 957 1427 1017 conquesta
1459 949 1728 1021 (52-703.

288 1030 395 1078 Iam
427 1030 537 1078 hiat
567 1030 748 1078 lacuna
780 1029 1099 1093 septuaginta
1138 1044 1384 1091 versuum,
1429 1045 1555 1090 quae
1587 1029 1906 1077 coniectando

215 1105 346 1152 hunc
378 1105 481 1152 fere
513 1104 566 1150 in
597 1103 798 1151 modum
831 1102 1018 1165 expleri
1048 1104 1236 1166 potest:
1276 1102 1549 1165 Postquam
1587 1103 1811 1166 Myrrina
1850 1120 1907 1150 ex

217 1178 420 1226 aedibus
466 1179 672 1225 evocata
713 1177 892 1225 Doridi
933 1177 1163 1238 promisit
1205 1193 1255 1225 se
1297 1174 1559 1239 Glyceram
1595 1179 1908 1239 recepturam

218 1268 339 1314 esse,
370 1253 538 1314 puella
571 1251 633 1300 ab
666 1251 850 1299 ancilla
882 1252 1150 1299 arcessitur
1182 1254 1232 1298 et
1256 1268 1285 1299 a
1308 1251 1533 1314 Myrrina
1555 1251 1664 1313 ipsa
1686 1253 1739 1299 in
1766 1251 1907 1299 aedes

219 1341 336 1375 suas
366 1325 702 1374 introducitur
735 1319 827 1391 (72
855 1318 999 1391 sqq.).
1047 1325 1194 1372 Doris
1232 1326 1286 1372 in
1326 1325 1469 1373 aedes
1512 1324 1792 1374 Polemonis
1833 1341 1905 1373 re-

220 1402 449 1461 vertitur,
495 1415 612 1446 nam
661 1415 961 1461 quamquam
1008 1398 1290 1461 Glyceram,
1338 1399 1525 1447 domini
1571 1399 1908 1460 concubinam,

217 1475 438 1536 appellat
470 1474 741 1535 dominam,
781 1476 951 1520 tamen
990 1489 1088 1521 non
1128 1474 1273 1520 huius
1314 1473 1401 1521 sed
1439 1473 1613 1522 militis
1645 1489 1787 1522 serva
1818 1475 1906 1533 est,

217 1549 267 1596 id
304 1548 436 1610 quod
466 1549 744 1596 luculenter
775 1550 985 1609 apparet
1017 1564 1042 1594 e
1075 1562 1250 1595 scaena
1289 1547 1484 1607 ultima,
1529 1548 1581 1594 in
1614 1563 1713 1609 qua
1742 1547 1828 1595 ille
1861 1547 1906 1594 ei

221 1623 660 1671 manumissionem
702 1622 955 1683 promittit
997 1614 1129 1687 (404
1163 1636 1256 1682 sq.,
1296 1622 1354 1669 cf.
1383 1614 1528 1686 427).
1591 1620 1651 1667 In
1682 1622 1802 1668 folio
1835 1636 1906 1669 se-

220 1698 403 1758 quente
436 1696 639 1744 extremi
663 1696 808 1743 huius
835 1694 974 1743 actus
999 1710 1168 1742 versus
1193 1696 1378 1743 servati
1401 1697 1531 1755 sunt,
1564 1709 1686 1756 quos
1710 1697 1907 1756 praeter

219 1770 449 1817 ultimum
473 1786 569 1818 non
595 1770 740 1831 Davi,
774 1769 858 1817 sed
890 1769 1082 1817 ostiarii
1113 1769 1368 1816 cuiusdam
1392 1768 1642 1830 Myr-rinae
1676 1783 1778 1817 esse
1800 1768 1904 1815 Wi-

218 1844 468 1892 lamowitz
517 1845 763 1906 cognovit.
818 1842 872 1890 In
908 1858 1084 1891 scaena
1122 1844 1395 1904 posteriore
1427 1837 1446 1898 (
1455 1836 1777 1909 170—206),
1819 1842 1906 1890 ubi

218 1918 348 1966 idem
360 1911 403 1984 ⁸)
449 1917 620 1981 litigat
662 1933 772 1964 cum
816 1915 977 1978 Sosia,
1025 1917 1175 1964 semel
1218 1918 1338 1964 nota
1380 1912 1471 1965 ΔΕ
1515 1917 1733 1977 ascripta
1777 1909 1903 1982 est4)

221 1985 289 2057 (v.
318 1986 464 2056 182),
497 2007 594 2053 qua
627 1991 685 2038 de
720 2006 871 2040 causa
895 2006 984 2054 ego
1011 1991 1055 2037 ei
1081 1990 1367 2038 dubitanter
1390 2007 1571 2040 nomen
1594 1990 1808 2038 Donacis
1831 1992 1905 2038 in-

220 2058 384 2131 didi.⁵)
430 2066 588 2113 Videt
625 2065 706 2112 hic
736 2065 1010 2127 Myrrinam
1050 2080 1162 2111 cum
1204 2063 1412 2125 Glycera
1455 2065 1598 2113 aedes
1637 2065 1906 2112 intrantem

298 2237 340 2292 1)
372 2235 441 2278 Ea
470 2248 590 2290 quae
617 2234 748 2278 Sosia
780 2250 818 2278 v.
846 2239 902 2278 54
936 2235 1064 2288 dicit,
1100 2235 1160 2277 ad
1185 2248 1444 2290 cauponam
1468 2234 1621 2277 minus
1646 2233 1764 2277 bene
1790 2248 1905 2289 qua-

223 2295 358 2337 drare
390 2294 616 2337 videntur.

295 2371 337 2421 2)
371 2367 482 2410 Eius
531 2367 699 2411 fratres
744 2369 852 2410 sunt
883 2369 1097 2423 Ἔλεγχοε
1140 2367 1402 2422 Menandri,
1445 2367 1556 2422 Ἀήρ
1605 2366 1905 2421 Philemonis,

222 2429 377 2481 Φόβος
408 2426 575 2470 incerti
606 2427 775 2482 poetae
819 2427 876 2470 cf.
910 2427 1125 2470 Meineke
1157 2427 1276 2471 Men.
1311 2427 1360 2469 et
1390 2426 1507 2469 Phil.
1541 2441 1585 2481 p.
1614 2430 1711 2470 284.
1781 2426 1904 2469 Eun-

223 2487 328 2529 dem
366 2485 517 2529 locum
551 2488 659 2540 post
690 2499 883 2529 scaenas
919 2485 1176 2542 dialogicae
1207 2487 1370 2528 tenent
1405 2485 1588 2541 prologi
1615 2484 1905 2528 Cistellariae

224 2547 270 2588 et
300 2545 464 2587 Militis
497 2544 703 2601 gloriosi.

298 2620 341 2674 3)
374 2618 528 2660 Davus
560 2619 661 2661 tum
691 2617 818 2661 intus
850 2619 1061 2661 versatur
1092 2618 1148 2662 cf.
1184 2622 1269 2661 294
1295 2632 1393 2673 sqq.

299 2696 342 2748 4)
377 2691 641 2735 Secundum
672 2691 958 2734 Fridericum
991 2691 1181 2735 Zucker.

299 2768 341 2821 5)
374 2765 577 2808 Nomina
603 2765 788 2808 servilia
813 2779 840 2808 a
864 2768 950 2809 Δε-
977 2764 1254 2821 incipientia
1279 2779 1372 2807 non
1397 2765 1595 2817 exstant,
1627 2764 1789 2808 Donax
1813 2777 1904 2807 ser-

224 2839 305 2867 vus
338 2824 538 2867 occurrit
569 2823 616 2866 in
649 2824 835 2867 Terenti
865 2823 1088 2867 Eunucho
1122 2826 1243 2880 (772)
1287 2826 1333 2866 et
1364 2823 1413 2865 in
1444 2825 1725 2866 testamento
1757 2823 1907 2866 Theo-

223 2884 403 2938 phrasti
438 2883 589 2939 (Diog.
615 2883 693 2926 La.
720 2883 775 2937 V,
802 2884 873 2938 55)
