2032 3162
786 143 1126 190 PRAEFATIO
1637 143 1808 187 XXVII

191 285 405 333 Exstant
428 286 575 333 huius
598 284 796 333 fabulae
823 285 925 332 341
954 299 1139 343 versus,
1172 299 1339 334 omnes
1365 283 1585 331 eiusdem
1610 287 1807 344 quater·
1842 296 1844 298 ·

118 360 303 420 nionis,
334 360 472 408 cuius
511 359 689 407 folium
730 358 948 406 medium
995 360 1044 405 et
1090 358 1270 406 scheda
1315 357 1495 405 ultima
1541 359 1808 419 perierunt,

118 433 296 482 scheda
326 434 488 495 prima
518 433 745 494 paullum
783 432 1018 479 mutilata
1057 425 1192 498 est.¹)
1240 431 1603 495 Argumentum
1642 433 1806 479 minus

116 507 240 555 bene
284 507 512 555 novimus
547 522 695 568 quam
735 506 1110 568 Epitrepontes,
1154 522 1253 554 non
1286 506 1447 554 solum
1489 507 1608 567 quia
1653 508 1808 554 totius

118 581 398 630 comoediae
421 597 578 643 paene
604 581 731 628 duae
748 582 914 642 partes
936 580 1102 628 deesse
1127 579 1371 639 videntur,
1398 579 1483 627 sed
1508 582 1661 628 etiam
1690 581 1808 641 quia

120 656 409 718 fragmentis
428 654 627 703 aliunde
644 655 775 702 notis
791 654 844 702 in
867 654 1173 703 restituendo
1205 670 1305 702 non
1332 654 1638 702 adiuvamur.
1672 654 1808 701 Haec

118 730 218 777 fere
266 730 514 777 enucleari
559 731 788 791 possunt:
837 728 1047 776 Demeas
1088 731 1136 776 et
1174 728 1439 776 Niceratus
1481 727 1807 776 Athenienses

116 803 268 851 vicini
299 805 438 864 sunt,
478 803 607 851 alter
647 803 784 852 dives
817 797 1161 869 (161—167)
1202 802 1330 850 alter
1369 818 1559 864 pauper
1600 795 1809 868 (184—

120 871 271 943 189);
303 877 388 925 ille
414 893 524 925 cum
554 877 659 925 filio
685 877 921 938 adoptivo
954 870 1111 942 (131)
1138 877 1423 925 Moschione
1455 879 1505 924 et
1533 876 1808 925 concubina

116 950 355 1013 Chryside
380 951 548 1000 Samia
578 953 721 1011 vivit,
751 952 832 1000 hic
865 967 976 999 cum
1005 966 1157 998 uxore
1191 953 1239 998 et
1264 951 1517 1015 Plangone
1548 950 1666 998 filia.
1710 950 1806 998 Ite·

114 1042 227 1073 rum
256 1025 397 1074 binas
438 1025 582 1073 aedes
613 1027 668 1073 in
706 1041 884 1073 scaena
930 1025 1179 1072 habemus.
1241 1026 1461 1072 Moschio
1502 1024 1809 1089 Plangonem

115 1102 273 1160 amat,
321 1100 404 1148 sed
449 1126 516 1132 ——
566 1116 667 1161 qua
706 1100 766 1148 de
805 1114 953 1147 causa
991 1099 1277 1163 ignoramus
1318 1126 1378 1131 —
1414 1101 1551 1161 patri
1590 1114 1809 1147 amorem

114 1190 213 1222 non
245 1175 494 1223 confessus
526 1176 612 1222 est.
657 1174 848 1237 Plango
882 1190 939 1220 ex
971 1189 1026 1221 eo
1060 1173 1269 1237 gravida
1307 1175 1442 1221 facta
1482 1189 1640 1235 nuper
1680 1174 1809 1226 clam

114 1250 257 1310 patre
287 1247 446 1296 filium
477 1249 691 1310 peperit,
727 1264 876 1309 quam
907 1248 1129 1296 Moschio
1162 1250 1290 1295 tecte
1322 1250 1375 1295 in
1407 1247 1621 1295 Demeae
1661 1248 1807 1295 aedes

114 1323 374 1370 transtulit
407 1316 538 1387 (304
564 1315 711 1388 sqq.),
755 1321 955 1384 Chrysis
987 1321 1192 1385 fingens,
1224 1322 1276 1368 ni
1308 1322 1470 1382 fallor,
1515 1323 1670 1382 ipsius
1704 1337 1808 1370 esse

114 1396 274 1443 filium
305 1413 330 1443 e
361 1397 547 1444 Demea
578 1391 661 1462 (cf.
699 1398 764 1445 99
792 1390 889 1462 sq.)
922 1397 1092 1444 multis
1117 1396 1346 1458 precibus
1373 1412 1517 1458 aegre
1544 1396 1604 1443 ab
1631 1412 1687 1443 eo
1716 1398 1807 1443 im-

114 1472 346 1531 petravit,
377 1473 434 1518 ut
464 1486 674 1532 puerum
714 1471 846 1531 apud
877 1486 926 1518 se
969 1470 1166 1518 educari
1206 1471 1400 1519 sineret.
1451 1471 1524 1518 Eo
1563 1472 1673 1531 ipso
1714 1470 1808 1531 die,

114 1560 212 1606 quo
266 1545 437 1592 fabula
492 1546 680 1608 agitur,
727 1545 937 1593 Demeas
978 1548 1026 1592 et
1086 1545 1349 1593 Niceratus
1395 1546 1531 1606 pacti
1578 1546 1706 1606 sunt,
1752 1547 1810 1592 ut

114 1619 333 1666 Moschio
351 1618 656 1682 Plangonem
678 1621 731 1666 in
755 1619 1128 1666 matrimonium
1153 1619 1368 1678 duceret,
1386 1619 1605 1667 Moschio
1636 1621 1809 1666 contra

115 1693 399 1754 opinionem
451 1695 610 1754 patris
668 1694 1042 1740 matrimonium
1075 1693 1297 1741 oblatum
1350 1693 1563 1740 libenter
1620 1694 1810 1754 accepit

115 1761 245 1831 (119
280 1762 426 1830 sqq.),
472 1769 676 1829 nuptiae
715 1769 1028 1815 festinantur.
1094 1767 1190 1815 Hic
1228 1768 1408 1828 incipit
1455 1769 1653 1815 servata
1693 1782 1809 1828 pars

115 1841 410 1902 comoediae,
442 1844 564 1903 quot
596 1856 764 1890 versus
791 1841 1144 1889 antecesserint
1174 1843 1478 1904 ignoramus.
1532 1841 1699 1888 Primo
1726 1841 1808 1889 ob—

114 1917 228 1962 tutu
260 1915 582 1977 soliloquium
606 1916 820 1964 Demeae
853 1917 1148 1979 perlongum
1173 1909 1406 1981 (1—67)
1438 1916 1672 1978 prologus
1706 1931 1810 1964 esse

114 1988 324 2049 videtur,
357 1990 441 2037 sed
472 1991 515 2037 si
545 1992 831 2051 reputamus
863 1990 976 2037 inde
1018 2006 1046 2038 a
1078 1991 1239 2051 primo
1279 2005 1435 2051 usque
1476 1990 1539 2037 ad
1576 1990 1809 2037 ultimum

114 2066 365 2111 servatum
395 2079 593 2111 versum
622 2064 675 2110 in
708 2065 879 2112 charta
910 2065 1062 2112 fuisse
1094 2079 1262 2111 versus
1288 2064 1389 2111 fere
1423 2065 1545 2124 490,
1578 2065 1811 2111 ultimam

116 2140 283 2184 autem
307 2153 536 2185 scaenam
568 2141 818 2186 servatam
852 2155 880 2186 a
910 2141 1066 2186 totius
1099 2139 1300 2185 fabulae
1333 2138 1430 2186 fine
1461 2140 1542 2185 vix
1574 2139 1808 2201 perlonge

117 2211 306 2272 abesse,
338 2212 657 2275 monologum
694 2213 839 2260 illum
878 2229 977 2260 non
1020 2214 1209 2274 primae
1251 2212 1334 2260 sed
1372 2212 1565 2260 mediae
1610 2212 1810 2260 fabulae

115 2285 432 2332 tribuendum
459 2301 562 2334 esse
596 2289 818 2347 apparet,
851 2304 910 2334 ne
945 2287 1126 2334 evadat
1150 2286 1403 2334 comoedia
1437 2287 1543 2334 600
1568 2287 1668 2333 fere
1702 2303 1810 2333 ver—

116 2374 272 2420 suum,
290 2361 477 2409 usitato
496 2360 688 2408 ambitu
704 2361 861 2408 multo
879 2361 1088 2409 brevior.
1128 2360 1235 2408 Iam
1253 2362 1574 2421 inspiciamus
1594 2361 1808 2407 Demeae

116 2435 453 2481 narrationem
496 2434 738 2482 vividam:
795 2434 911 2481 dum
959 2451 984 2482 e
1031 2435 1156 2482 cella
1202 2436 1409 2495 penaria
1459 2435 1698 2482 nonnulla
1747 2434 1809 2481 ad

116 2509 317 2568 nuptias
341 2508 587 2568 parandas
617 2510 816 2570 promit,
843 2508 984 2556 audit
1007 2509 1305 2557 Moschionis
1332 2511 1549 2556 veterem
1564 2509 1808 2555 nutricem

118 2596 229 2628 cum
260 2581 419 2629 altera
451 2583 634 2629 ancilla
666 2582 724 2629 de
756 2583 947 2630 infante
983 2599 1011 2629 a
1046 2581 1284 2644 Chryside
1317 2582 1516 2630 sublato
1548 2583 1808 2643 tamquam

116 2654 176 2701 de
222 2654 521 2703 Moschionis
567 2656 670 2703 filio
718 2657 1080 2718 colloquentem
1122 2651 1366 2723 (1—46v).
1434 2657 1559 2703 Tum
1609 2672 1633 2703 e
1683 2656 1808 2703 cella

117 2743 338 2790 egressus
386 2727 676 2791 Chrysidem
721 2732 904 2777 infanti
950 2747 1217 2778 mammam
1267 2730 1587 2792 praebentem
1643 2730 1807 2776 videre

191 2960 232 3013 1)
264 2958 420 3014 Lapsu
451 2959 568 3014 preli
601 2974 644 3014 p.
673 2964 726 3002 70
760 2960 915 3003 versui
949 2965 1003 3003 65
1038 2973 1119 3015 pro
1155 2960 1192 3017 Is
1233 2960 1489 3014 ascriptum
1522 2962 1590 3002 es‘t
1627 2959 1684 3015 Il.
