1974 3100
885 90 1027 134 ΗΡΩ(
1764 85 1797 137 3

919 522 1002 575 κθ’

607 671 830 741 [Ἥρως
873 671 1300 740 Μ]ενάνδρου.

287 835 448 900 ἄρρεν
488 853 547 888 τε
587 835 721 899 θῆλύ
761 834 808 887 θ’
849 834 956 899 ἅμα
995 838 1218 887 τεκοῦςα
1257 837 1525 899 παρθένος

285 924 486 977 ἔδωκεν
527 925 800 992 ἐπιτρόπῳ
817 924 827 986 J
842 925 1080 988 τρέφειν·
1122 923 1225 976 εἶθ’
1257 924 1478 989 ὕςτερον

284 1013 444 1078 ἔγημε
483 1014 580 1065 τὸν
623 1014 931 1077 φθείραντα.
973 1016 1141 1064 ταῦτα
1181 1013 1227 1064 δ>
1260 1013 1489 1066 ὑπέθετο

284 1102 315 1153 ὁ
339 1103 558 1167 τρέφων
584 1103 722 1166 πρὸς
749 1102 915 1154 αὐτὸν
941 1101 1174 1164 ἀγνοῶν.
1217 1102 1470 1166 θεράπων
1499 1104 1558 1154 δέ
1584 1121 1659 1156 τις
1737 1110 1798 1165 (5)

194 1205 219 1242 5
283 1192 530 1243 ένέπεςεν
572 1191 643 1243 εἰς
685 1191 861 1255 ἔρωτα
899 1194 991 1254 τῆς
1030 1191 1290 1253 νεάνιδος,

282 1280 587 1345 ὁμόδουλον
629 1278 762 1332 εἶναι
802 1280 1087 1344 διαλαβών.
1129 1281 1321 1341 γείτων
1363 1281 1420 1332 δέ
1460 1298 1537 1333 τις

280 1370 622 1434 προηδικήκει
665 1369 796 1431 μετὰ
836 1369 950 1433 βίας
990 1369 1086 1432 τὴν
1129 1369 1361 1433 μείρακα.

279 1460 376 1521 τὴν
418 1457 589 1509 αἰτίαν
630 1457 718 1522 ἐφ’
751 1458 945 1510 ἑαυτὸν
987 1457 1016 1509 ὁ
1057 1458 1308 1522 θεράπων
1349 1460 1594 1524 (τρέφειν

280 1547 539 1611 ἐβούλετ’·
581 1547 679 1599 οὐκ
720 1546 889 1598 εἰδυῖα
930 1546 976 1598 δ’
1007 1547 1039 1610 ἡ
1082 1548 1250 1611 μήτηρ
1293 1547 1430 1610 ἄγαν
1702 1555 1791 1609 (10)

162 1650 216 1689 10
280 1637 629 1701 έδυςχέραινε.
671 1639 1000 1700 καταφανῶν
1042 1638 1101 1688 δὲ
1140 1637 1450 1701 γενομένων

279 1724 433 1790 εὗρεν
475 1728 570 1790 μὲν
610 1725 640 1777 ὁ
681 1726 857 1789 γέρων
897 1726 1023 1777 τοὺς
1063 1725 1258 1777 ἑαυτοῦ
1299 1726 1574 1790 γνωρίςας,

278 1815 308 1867 ὁ
349 1813 395 1866 δ’
426 1815 686 1878 ἠδικηκὼς
720 1813 877 1877 ἔλαβε
917 1814 1013 1875 τὴν
1053 1814 1217 1878 κόρην
1258 1815 1444 1866 θέλων.

461 2007 547 2058 Τὰ
585 2007 696 2059 τοὺ
738 2006 1055 2070 δράματος
1096 2007 1414 2070 πρόςωπα.

366 2112 522 2163 Γέτας
1134 2110 1396 2175 (ωφρόνη
1696 2120 1785 2174 (15)

363 2201 515 2252 Δᾶος
1135 2200 1428 2265 (αγγάριος

362 2289 540 2353 Ἥρως
581 2290 702 2341 θεός
1136 2290 1352 2352 Γοργίας

364 2378 606 2442 Μυρρίνη
1117 2378 1293 2441 Λάχης

362 2467 574 2519 Φειδίας

241 2611 362 2667 Hyp.
398 2612 423 2655 1
452 2626 565 2655 corr.
591 2612 701 2655 Wil.
811 2611 840 2655 2
875 2613 1108 2669 ἐπιτρόπῳ
1141 2612 1416 2656 invenerunt
1440 2613 1590 2657 multi.
1649 2612 1778 2667 Geta,

92 2685 263 2741 Davus,
296 2685 547 2743 Sangarius
573 2686 705 2740 servi,
731 2686 938 2741 Myrrina
962 2688 1186 2741 matrona,
1210 2686 1416 2742 Phidias,
1443 2687 1640 2744 Gorgias
1667 2688 1778 2730 adu-

93 2759 335 2807 lescentes,
369 2758 611 2816 Sophrona
643 2760 813 2814 nutrix,
847 2759 1023 2803 Laches
1059 2773 1209 2804 senex.
