1980 3168
949 126 1154 182 (εΑΜιΑ)
1827 129 1895 183 67

75 260 227 327 (Δη.)
289 260 382 312 ὁετ
411 301 1615 315 .................................

292 351 324 413 ἢ
367 348 630 417 μαίν[εται
674 390 1616 405 ..........................

292 439 474 503 λαβὼν
516 437 598 490 ἐπ’
639 437 823 508 ἀγαθῷ
862 480 1617 493 .....................

294 528 368 596 ὡς
407 527 509 592 γὰρ
550 527 747 591 τάχιετ’
789 527 1045 591 εἰεῆλθον,
1086 529 1569 593 ὑπερεεπουδακώε

204 630 230 669 5
293 617 360 669 τὰ
399 619 496 669 τοῦ
536 616 710 680 γάμου
751 617 1019 680 πράττειν,
1061 618 1268 682 φράεαε
1306 620 1369 671 τὸ
1410 620 1606 684 πρᾶγμ’
1648 620 1831 673 ἁπλῶς

293 709 408 758 τοῖε
449 705 609 757 ἔνδον
651 705 879 757 ἐκέλευς’
920 706 1245 771 εὐτρεπίζειν
1284 707 1444 760 πάνθ’
1485 709 1518 760 ἃ
1558 712 1651 770 δεῖ,

292 795 500 859 καθαρὰ
539 798 709 856 ποεῖν,
751 796 976 856 πέττειν,
1020 796 1329 860 ἐνάρχεεθαι
1370 800 1584 849 κανοῦν.

293 883 518 947 ἐγίγνετ’
560 883 740 949 ἀμέλει
780 884 939 936 πάνθ’
980 885 1216 948 ἑτοίμως,
1257 886 1319 937 τὸ
1360 887 1419 937 δὲ
1459 886 1622 949 τάχοε

291 977 401 1025 τῶν
441 974 828 1037 πραττομένων
868 975 1107 1037 ταραχήν
1147 974 1243 1026 τιν’
1285 975 1467 1027 αὐτοῖς
1509 976 1733 1036 ἐνεπόει,

177 1077 231 1116 10
295 1062 429 1127 ὅπερ
472 1062 624 1116 εἰκός.
675 1063 761 1114 ἐπὶ
801 1063 979 1127 κλίνη(
1021 1064 1115 1126 μεν
1150 1063 1350 1127 ἐρριπτ’
1391 1064 1636 1115 ἐκποδών

291 1153 356 1205 τὸ
396 1152 612 1204 παιδίον
652 1152 926 1216 κεκραγόε,
970 1153 1022 1203 αἳ
1065 1151 1111 1203 δ’
1153 1153 1326 1216 ἐβόων
1370 1152 1500 1215 ἅμα·

293 1241 519 1306 ,,ἄλευρ’,
560 1240 720 1305 ὕδωρ,
763 1240 945 1293 ἔλαιον
987 1240 1207 1302 ἀπόδος,
1250 1241 1559 1305 ἄνθρακαεζι.

292 1331 488 1383 καύτὸς
529 1331 711 1382 διδοὺς
750 1330 961 1382 τούτων
1002 1348 1049 1381 τι
1090 1331 1174 1381 καὶ
1215 1330 1598 1394 ευλλαμβάνων

294 1420 368 1472 εἰ(
407 1421 470 1472 τὸ
510 1422 749 1484 ταμιεῖον
791 1419 984 1482 ἔτυχον
1026 1419 1291 1481 εἰεελθών,
1331 1418 1458 1471 ὅθεν

178 1523 230 1560 15
293 1510 463 1561 πλείω
504 1511 782 1573 προαιρῶν
822 1509 907 1559 καὶ
948 1508 1312 1572 εκοπούμενοε
1353 1507 1518 1572 ευχνά

293 1599 391 1650 οὐκ
431 1598 588 1650 εὐθὺς
629 1597 866 1660 ἐξῆλθον.
914 1597 1029 1649 καθ’
1070 1597 1134 1648 ὃν
1176 1597 1221 1648 δ’
1261 1596 1326 1660 ἦν
1367 1597 1567 1661 χρόνον
1610 1597 1716 1657 ἐγώ

296 1689 540 1748 ἐνταῦθα,
582 1686 849 1751 κατέβαιν’
890 1685 984 1750 ἀφ’
1025 1686 1277 1755 ὑπερῴου
1319 1703 1394 1736 τις
1434 1686 1566 1748 γυνή

295 1777 505 1829 ἄνωθεν
548 1775 621 1828 εἰ(
661 1776 996 1840 τοῦμπροεθε
1037 1779 1133 1827 τοῦ
1174 1776 1464 1839 ταμιειδίου

294 1865 506 1929 οἴκημα·
546 1865 798 1929 τυγχάνει
839 1865 939 1928 γὰρ
980 1864 1167 1916 ἱετεών
1208 1882 1284 1915 τις
1324 1863 1415 1925 ὢν,

175 1969 231 2008 20
294 1955 414 2007 ὥεθ’
455 1955 488 2017 ἥ
528 1954 574 2006 τ’
614 1954 865 2018 ἀνάβαείε
907 1954 1010 2005 ἐετι
1051 1954 1139 2005 διὰ
1178 1953 1373 2005 τούτου
1416 1953 1477 2004 τό
1518 1969 1574 2004 τε

293 2048 531 2109 ταμιεῖον
571 2043 709 2107 ἡμῖν.
758 2046 854 2095 τοῦ
896 2045 955 2095 δὲ
997 2042 1314 2105 Μοεχίωνοε
1353 2032 1419 2105 ἦν

292 2134 439 2197 τίτθη
481 2151 556 2185 τι(
598 2132 729 2195 αὕτη
770 2133 1113 2196 πρεεβυτέρα,
1154 2131 1387 2193 γεγονυῖ’
1428 2131 1522 2193 ἐμή

295 2223 586 2287 Θεράπαιν’,
631 2222 885 2285 ἐλευθέρα
925 2222 984 2272 δέ
1020 2223 1133 2272 νῦν.
1183 2220 1366 2271 ἰδοῡεα
1406 2220 1464 2271 δέ

295 2313 357 2363 τὸ
398 2312 613 2364 παιδίον
654 2311 912 2374 κεκραγὸε
952 2309 1286 2373 ἠμελημένον

179 2414 234 2452 25
299 2402 389 2465 ἐμέ
430 2400 475 2452 τ’
509 2401 669 2452 οὐδὲν
712 2399 860 2451 εἰδυῖ’
902 2398 1061 2450 ἐνδον
1103 2396 1231 2464 ὄντ’,
1272 2398 1328 2449 ἐν
1371 2396 1598 2460 ἀεφαλεῖ

297 2489 431 2541 εἶναι
471 2490 724 2553 νομίεαεα
764 2491 859 2539 τοῦ
902 2490 1099 2548 λαλεῖν,
1141 2487 1486 2550 προεέρχεται

356 2647 384 2690 2
419 2647 618 2704 exempli
651 2661 791 2690 eausa
821 2647 877 2690 K.
969 2646 999 2690 3
1034 2645 1184 2701 suppl.
1217 2644 1327 2687 Wil.
1423 2644 1483 2687 10
1516 2646 1651 2687 εὐθύς
1685 2642 1771 2684 del.
1799 2642 1895 2685 Les.

208 2722 269 2766 15
304 2724 444 2776 ευχνά
475 2721 585 2764 Wil.
682 2721 743 2764 18
776 2721 1027 2775 ταμιειδίου
1063 2718 1203 2774 Ome„
1236 2718 1472 2772 ταμειδίου
1506 2717 1611 2760 Her.
