1974 3100
756 101 1097 146 PRAEFATIO
1635 103 1778 147 XLIX

90 243 249 291 solum
274 243 480 291 schedae
503 244 694 305 primae
719 246 770 292 et
792 243 1036 292 secundae
1060 258 1203 291 versa
1227 243 1554 306 schedamque
1578 245 1778 293 tertiam

88 332 387 380 perparvam
408 317 635 379 protulit,
658 318 818 365 multa
841 317 894 365 in
919 317 1255 366 Tischendorfi
1278 318 1573 381 fragmentis
1597 320 1777 367 rectius

89 391 226 455 legit,
250 391 491 438 nonnulla
514 391 726 439 feliciter
742 392 1009 454 supplevit,
1033 391 1118 440 sed
1144 391 1295 440 etiam
1312 392 1543 440 schedam
1566 394 1779 454 primam

87 465 371 513 Phasmatis
420 480 522 514 esse
568 467 816 529 sagaciter
858 468 1104 529 cognovit.
1184 466 1455 523 Quominus
1503 466 1535 513 J
1539 466 1779 515 ernstedti

90 539 241 588 editio
273 555 303 586 a
334 539 603 602 philologis
647 556 706 587 ea
746 556 844 601 qua
876 540 1027 604 digna
1058 542 1134 589 est
1162 539 1309 588 laude
1343 542 1662 602 acciperetur,
1694 541 1778 588 ob-

90 613 258 661 stabat
288 614 338 660 et
362 613 536 677 lingua
559 614 766 662 Russica
789 616 961 676 paucis
985 615 1241 662 intellecta
1281 617 1330 662 et
1369 614 1616 662 Theodori
1640 615 1781 663 Kock

89 688 142 735 in
171 686 319 735 rebus
351 688 548 736 comicis
582 690 868 749 auctoritas,
908 689 994 750 qui
1026 689 1229 737 schedas
1260 688 1661 750 Petropolitanas
1702 705 1779 736 co-

89 761 211 810 dicis
257 761 518 809 Menandri
558 763 795 824 reliquias
839 778 942 811 esse
984 778 1166 826 negare
1207 757 1507 829 pergebat.¹)
1582 763 1780 820 Quanta

89 835 335 884 industria
366 838 416 884 et
448 838 722 899 sagacitate
753 837 785 884 J
788 837 1028 898 ernstedt,
1068 837 1197 884 inter
1236 837 1517 900 philologos
1549 837 1778 885 Russicos

87 910 234 958 facile
258 911 501 972 princeps,
531 910 844 959 membranas
869 911 1188 959 difficillimas
1209 912 1515 972 tractaverit,
1540 911 1779 973 perspexi,

89 986 358 1046 postquam
389 984 643 1033 Michaelis
675 985 980 1034 Rostowzew
1005 1001 1154 1047 opera
1178 986 1420 1049 imagines
1444 988 1648 1034 eximias
1673 988 1780 1033 arte

89 1058 484 1121 photographica
525 1074 777 1121 expressas
822 1061 1009 1122 accepi,
1051 1075 1259 1121 quarum
1291 1076 1390 1107 una
1422 1060 1536 1107 huic
1569 1059 1775 1108 editioni

90 1132 261 1180 addita
292 1135 368 1180 est
398 1127 524 1199 (tab.
554 1127 643 1198 H).

166 1205 328 1254 Codex
360 1209 498 1256 cuius
530 1208 630 1255 tria
661 1211 856 1256 tantum
888 1209 1168 1272 fragmenta
1200 1211 1478 1270 supersunt,
1518 1209 1696 1269 quarto
1728 1207 1781 1254 ni

90 1281 240 1328 fallor
270 1282 464 1329 saeculo
496 1299 542 1343 p.
578 1281 689 1330 Chr.
721 1300 766 1329 n.
801 1283 1168 1346 elegantissime
1207 1286 1435 1330 exaratus
1476 1285 1563 1330 est.
1626 1281 1779 1329 Latus

89 1354 188 1402 fuit
219 1371 257 1402 c.
295 1356 360 1402 15
395 1371 485 1415 cm,
518 1359 706 1418 quanta
737 1358 891 1404 fuerit
922 1357 1135 1404 altitudo
1160 1372 1259 1404 non
1284 1359 1491 1405 constat.
1525 1356 1779 1403 Librarius

91 1429 358 1490 scriptione
402 1430 549 1491 plena
591 1445 736 1492 saepe
779 1446 896 1478 usus
928 1434 1002 1478 est
1046 1425 1119 1495 (5,
1155 1432 1237 1490 18,
1275 1432 1357 1490 19,
1392 1432 1475 1490 21,
1511 1432 1594 1491 30,
1628 1432 1695 1476 47
1729 1429 1782 1477 II

94 1505 178 1563 17,
212 1497 307 1569 32)
350 1505 708 1567 apostrophum
750 1521 1021 1567 numquam
1059 1505 1241 1566 posuit,
1282 1503 1473 1552 addidit
1512 1521 1617 1552 eam
1661 1520 1778 1552 non-

90 1593 344 1638 nunquam
375 1594 552 1626 manus
584 1580 744 1627 altera
777 1574 851 1645 (H
887 1583 932 1639 1,
967 1582 1013 1639 2,
1050 1576 1120 1641 9),
1164 1595 1289 1640 quae
1323 1581 1551 1627 accentus
1586 1594 1780 1639 quoque

89 1651 165 1698 bis
213 1645 323 1717 (30,
366 1652 418 1698 ΙΙ
451 1647 507 1718 3)
558 1653 781 1714 posuisse
831 1653 1050 1714 videtur,
1109 1669 1433 1715 personarum
1479 1653 1779 1700 mutationes

90 1726 380 1788 plerumque
412 1728 635 1790 singulis,
667 1744 781 1775 rara
813 1729 942 1775 binis
983 1721 1093 1793 (44,
1126 1727 1177 1774 H
1214 1729 1296 1788 12,
1335 1720 1426 1793 14)
1463 1728 1662 1788 punctis
1694 1742 1778 1774 no-

90 1802 276 1863 tantur,
306 1803 649 1863 paragraphus
680 1802 756 1849 bis
787 1802 1050 1849 invenitur.
1092 1802 1275 1850 Textus
1306 1818 1405 1848 non
1435 1801 1611 1861 malus,
1643 1800 1727 1848 sed
1752 1817 1781 1847 a

91 1875 382 1936 corruptelis
424 1875 817 1938 haudquaquam
858 1876 985 1923 liber
1028 1879 1114 1923 est.
1189 1875 1376 1924 Octavo
1429 1876 1532 1922 fere
1586 1875 1780 1922 saeculo

91 1948 273 1996 codicis
304 1964 564 2012 compages
597 1950 838 1998 dissoluta
870 1951 1072 2011 eiusque
1096 1951 1327 2013 plagulae
1354 1948 1568 2011 Syriacis
1600 1949 1780 1996 litteris

91 2025 207 2069 sunt
250 2024 535 2084 rescriptae,
584 2024 764 2085 quibus
810 2022 903 2071 Hb
953 2027 1003 2071 et
1032 2023 1147 2070 IIIb
1195 2025 1370 2085 plenae
1417 2016 1591 2087 sunt.2)
1656 2023 1780 2070 Tum

92 2098 254 2143 nescio
300 2113 395 2158 quo
443 2093 638 2145 saeculo
688 2098 867 2145 codicis
909 2097 1100 2159 Syriaci
1145 2099 1326 2145 iterum
1374 2097 1602 2146 dissoluti
1648 2098 1779 2160 frag-

91 2173 257 2217 menta
288 2171 389 2218 tria
422 2172 483 2218 ad
515 2172 670 2219 alium
701 2172 882 2219 librum
921 2172 1229 2234 religandum
1268 2174 1509 2233 usurpata
1556 2175 1684 2230 sunt,
1732 2172 1782 2218 et

92 2258 203 2290 cum
245 2245 580 2307 fragmentum
610 2246 688 2294 III
732 2247 1158 2309 conglutinaretur
1201 2262 1308 2294 cum
1353 2246 1442 2292 IIb
1488 2245 1681 2305 accidit,
1724 2248 1781 2291 ut

90 2318 236 2365 huius
260 2320 472 2382 paginae
496 2320 786 2368 ultimorum
809 2336 1039 2368 versuum
1062 2321 1207 2367 initia
1231 2321 1633 2381 imprimerentur
1648 2320 1778 2382 frag-

91 2393 257 2439 mento
290 2393 381 2455 III,
413 2394 465 2440 in
499 2411 595 2455 quo
630 2394 767 2455 quasi
803 2396 854 2440 in
889 2395 1086 2455 speculo
1119 2388 1415 2458 leguntur.⁸)

169 2564 209 2617 l)
242 2562 358 2606 Mus.
386 2564 531 2607 Rhen.
557 2564 757 2619 XLVIII,
784 2569 866 2608 229
879 2579 977 2619 sqq.

168 2625 210 2675 2)
245 2622 399 2665 Etiam
438 2624 486 2666 in
542 2624 749 2681 margine
807 2624 966 2667 dextro
1006 2624 1208 2679 paginae
1242 2625 1291 2667 Ia
1332 2623 1471 2667 exilia
1515 2623 1776 2665 litterarum

94 2680 387 2735 Syriacamm
435 2682 637 2739 vestigia
685 2686 946 2726 cernuntur.
1026 2683 1123 2725 Viri
1180 2684 1306 2727 docti
1360 2683 1498 2726 huius
1554 2681 1776 2724 sermonis

93 2739 234 2795 periti
266 2742 445 2783 textum
479 2742 718 2796 Syriacum
750 2741 903 2799 legere
938 2742 1090 2784 adhuc
1123 2742 1296 2785 frustra
1330 2742 1620 2785 studuerunt.

169 2802 211 2854 3)
244 2799 349 2842 Non
389 2814 499 2843 casu
532 2801 706 2843 factum
749 2814 862 2855 esse,
909 2803 963 2844 ut
1008 2801 1057 2844 in
1104 2801 1145 2844 Π
1178 2804 1224 2844 et
1256 2801 1318 2844 111
1359 2802 1588 2855 quattuor,
1618 2813 1775 2841 versus

94 2858 151 2901 ab
207 2859 382 2902 eisdem
436 2860 606 2903 litteris
661 2859 935 2915 inciperent,
991 2874 1046 2903 ex
1093 2874 1145 2903 eo
1194 2860 1501 2917 cognoscitur,
1558 2859 1680 2913 quod
1730 2858 1777 2900 in

94 2918 293 2971 utraque
323 2919 594 2962 membrana
626 2918 745 2962 falso
779 2920 932 2972 οἴομαι
963 2933 1046 2975 pro
1079 2923 1205 2973 οἶμαι
1240 2919 1309 2975 (ΙΙ,
1337 2921 1408 2974 37)
1442 2918 1625 2973 legitur.

182 3000 414 3032 Menandrea
438 3002 492 3032 ed.
518 3002 645 3032 Korte.
1482 2993 1511 3034 d
