2032 3162
779 141 1120 187 PRAEFATIO
1658 142 1809 186 XXIII

116 283 355 332 donatum
397 285 668 344 acceperat,
699 285 920 344 repetere
943 283 1162 346 insignia
1185 283 1361 345 coepit.
1417 282 1552 339 Quae
1578 298 1689 330 cum
1722 283 1805 330 ad·
1836 294 1838 296 ·

114 358 220 405 lata
266 358 428 405 essent
459 359 508 404 et
539 358 829 420 agnosceret
860 355 1081 418 Cercyon
1130 372 1189 404 ea
1231 372 1337 405 esse
1383 373 1441 404 ex
1489 356 1634 404 veste
1655 358 1806 404 scissa

113 430 246 479 filiae
271 445 403 490 suae,
427 431 612 492 Alopes
637 432 806 478 nutrix
828 431 1008 478 timens
1033 432 1139 493 regi
1162 431 1399 478 indicium
1424 430 1541 479 fecit
1564 431 1808 478 infantem

115 520 229 554 011111
259 505 444 566 Alopes
477 519 593 552 esse.
650 504 745 561 Qui
776 503 933 552 filiam
963 505 1109 552 iussit
1142 505 1205 552 ad
1233 520 1403 553 necem
1427 504 1616 552 includi
1639 504 1800 551 infan-

114 582 216 626 tem
255 581 423 626 autem
454 576 656 640 proic‘.“
718 578 947 626 Redeunt
984 580 1037 625 in
1069 578 1328 626 Menandri
1359 578 1612 626 comoedia
1642 578 1807 626 infans

116 654 365 714 expositus
409 668 439 700 a
476 655 650 713 matre,
692 655 915 714 repertus
961 669 988 700 a
1019 656 1235 714 pastore,
1279 653 1427 700 alteri
1456 652 1670 700 traditus
1703 654 1808 699 sine

117 727 433 787 ornamentis,
488 729 596 774 tum
649 727 869 789 iurgium
924 727 1196 787 amborum,
1244 742 1364 774 avus
1412 726 1620 774 infantis
1663 726 1810 773 iudex

116 800 177 850 ab
208 800 310 848 illis
343 801 544 861 electus,
590 803 840 850 contentio
881 803 995 848 ante
1035 800 1265 861 iudicem,
1297 827 1370 833 —-
1402 801 1487 848 sed
1518 816 1618 849 non
1649 815 1809 862 pauca

117 876 332 923 comicus
371 876 599 924 novavit:
641 874 861 936 Ger-cyon
899 874 1141 922 iudicium
1173 876 1372 922 omnino
1404 890 1503 922 non
1537 875 1648 935 fert,
1683 874 1809 921 Smi—

116 951 273 998 01111οε
297 965 401 996 rem
425 949 694 1010 prudenter
726 952 775 997 et
806 950 1019 997 humane
1052 949 1306 1009 diiudicat,
1346 949 1430 996 ille
1463 949 1619 996 sciens
1652 948 1810 995 filiam

115 1025 443 1084 nepotemque
490 1023 693 1085 perdere
742 1023 922 1085 studet,
961 1023 1042 1070 hic
1088 1023 1269 1071 inscius
1317 1023 1462 1071 ambo
1511 1025 1690 1083 servat,
1739 1049 1806 1054 —

117 1099 227 1159 quis
257 1112 356 1145 non
395 1097 531 1145 videt
566 1113 665 1146 non
705 1098 864 1146 solum
897 1097 1219 1145 arteficiosius
1253 1097 1338 1144 sed
1373 1099 1523 1145 etiam
1556 1096 1810 1159 pulchrius

116 1171 187 1219 eis
213 1187 338 1232 quae
362 1174 620 1219 mutuatus
646 1174 720 1219 est
752 1187 897 1219 usum
930 1187 1033 1219 esse
1070 1171 1396 1219 Menandrum
1429 1187 1579 1233 quam
1611 1171 1811 1231 Euripi-

117 1245 228 1293 dem
261 1247 330 1294 eis
364 1261 492 1307 quae
524 1243 752 1294 invenit?

189 1319 260 1367 At
278 1318 505 1381 Syriscus
522 1319 732 1368 victoria
758 1334 846 1367 sua
870 1335 969 1367 non
996 1319 1081 1366 diu
1099 1319 1297 1382 gaudet,
1329 1335 1447 1366 nam
1471 1319 1741 1367 excutienti
1767 1321 1814 1366 ei

118 1409 230 1441 cum
254 1395 458 1441 muliere
482 1393 690 1441 infantis
709 1393 1001 1455 crepundias
1019 1395 1304 1455 supervenit
1321 1391 1580 1441 Onesimus
1600 1409 1813 1454 coquum

116 1467 316 1515 tardum
353 1469 614 1530 increpans
649 1470 697 1515 et
728 1468 860 1515 inter
883 1470 1174 1515 ornamenta
1197 1468 1397 1514 anulum
1433 1467 1622 1515 domini
1646 1467 1814 1515 decem

117 1542 368 1589 mensibus
413 1545 526 1589 ante
570 1541 807 1589 omissum
848 1542 1169 1604 recognoscit.
1237 1542 1462 1606 Syriscus
1508 1541 1593 1589 diu
1624 1542 1813 1589 frustra

117 1615 398 1664 obluctatus
430 1616 629 1663 tandem
663 1614 896 1664 Onesimo
945 1616 1151 1663 anulum
1185 1616 1385 1663 domino
1432 1615 1813 1664 monstrandum

119 1689 355 1737 concedit.
440 1690 707 1737 Praeterea
763 1691 1090 1751 comperimus
1148 1706 1204 1737 ex
1267 1706 1434 1737 eorum
1491 1690 1812 1737 altercatione

119 1763 369 1825 Syriscum
401 1766 608 1819 venisse,
642 1766 698 1811 ut
723 1764 922 1811 domino
951 1763 1293 1812 Chaerestrato
1318 1764 1562 1811 tributum
1587 1764 1814 1823 solveret,

119 1837 399 1885 Charisium
439 1837 775 1886 Chaerestrati
814 1839 973 1900 patris
1014 1839 1157 1886 aedes
1196 1838 1423 1885 habitare
1456 1831 1530 1904 (v.
1568 1839 1671 1886 160
1692 1854 1815 1899 sqq.,

123 1914 227 1960 190
238 1906 385 1978 sqq.).

142 2013 147 2022 ε
193 1987 322 2033 Τ11111
353 1988 468 2048 post
499 1986 635 2034 chori
667 1989 867 2034 cantum
900 1986 1252 2047 interpositum
1283 1987 1529 2047 prodeunt
1562 1988 1611 2033 et
1644 1984 1814 2033 Onesi-

119 2075 242 2120 mus,
275 2061 363 2121 qui
394 2060 613 2108 nondum
644 2076 695 2108 se
728 2076 904 2109 ausum
938 2076 1041 2108 esse
1083 2060 1281 2108 domino
1316 2060 1570 2108 ostendere
1605 2060 1815 2107 anulum

121 2134 395 2194 confitetur,
427 2137 476 2181 et
506 2134 832 2182 Habrotonon
866 2149 993 2195 quae
1031 2134 1242 2196 repulsis
1284 2134 1678 2181 adulescentibus
1711 2136 1814 2182 Vio-

120 2208 283 2268 lentis,
316 2208 452 2256 chori
483 2208 535 2254 ni
566 2209 729 2267 fallor,
762 2224 812 2256 se
846 2224 874 2255 a
909 2207 1133 2255 Charisio
1166 2209 1313 2269 plane
1355 2209 1521 2268 sperni
1561 2209 1817 2269 conqueri-

120 2285 205 2329 tur
235 2276 593 2347 (20‘2—225).
650 2283 725 2329 Ex
757 2280 990 2329 Onesimo
1025 2283 1111 2343 qui
1144 2281 1342 2344 Syrisco
1374 2284 1556 2329 iterum
1589 2283 1815 2341 instanti,

122 2358 179 2402 ut
229 2357 403 2404 anulus
454 2359 542 2403 aut
581 2359 885 2405 monstretur
929 2355 1152 2403 Charisio
1202 2359 1290 2403 aut
1325 2356 1423 2403 sibi
1462 2355 1711 2415 reddatur,
1759 2371 1817 2403 ea

124 2445 250 2490 quae
277 2431 556 2491 suspicatur
581 2432 754 2492 aperit,
780 2430 1107 2478 Habrotonon
1133 2446 1325 2491 quoque
1352 2430 1412 2477 (10
1438 2430 1586 2477 3111110
1620 2432 1815 2491 reperto

125 2504 304 2550 certior
340 2503 398 2550 fit
437 2509 486 2549 et
525 2504 577 2550 in
617 2519 793 2552 scaena
832 2504 1138 2566 lepidissima
1178 2520 1278 2550 una
1318 2519 1428 2551 011111
1468 2519 1607 2551 servo
1649 2503 1817 2551 dolum

126 2578 288 2625 struit.
353 2577 631 2625 Charisium
665 2578 856 2625 ebrium
889 2578 1204 2639 Tauropoliis
1238 2579 1444 2625 anulum
1469 2578 1691 2625 amisisse
1724 2578 1817 2625 scit

126 2649 402 2710 Onesimus,
433 2652 575 2698 illum
608 2656 711 2698 tum
745 2652 798 2698 in
822 2653 1073 2715 virginum
1097 2652 1297 2698 chorum
1323 2651 1538 2712 irruisse,
1570 2651 1816 2713 virginem

126 2724 376 2785 quandam
407 2725 791 2786 pulcherrimam
831 2727 983 2773 scissa
1021 2728 1155 2773 veste
1203 2725 1498 2772 clamantem
1549 2726 1815 2772 accurrisse

126 2798 352 2846 meminit
375 2798 713 2859 Habrotonon,
747 2815 862 2862 ergo
904 2800 1108 2847 anulum
1146 2802 1255 2845 tum
1281 2799 1332 2845 in
1355 2798 1585 2846 manibus
1611 2799 1816 2860 virginis

126 2872 334 2919 vitiatae
369 2888 397 2919 a
430 2871 653 2921 Charisio
678 2874 986 2932 remansisse,
1018 2875 1117 2919 iam
1143 2872 1244 2919 filio
1271 2873 1397 2919 clam
1422 2875 1566 2933 parto
1593 2872 1817 2919 additum

129 2959 236 2993 esse
267 2949 397 2993 recte
432 2947 691 2993 coniciunt.
