1980 3168
811 132 1162 188 (κιοΑΡιετΗε)
1342 197 1345 200 ⁴
1724 131 1829 184 169

234 268 307 321 εἰε
346 266 515 333 ἀγρὸν
556 267 803 333 ἔφευγεν,
846 267 890 320 εἰ
930 268 978 320 δ’
1011 268 1160 321 ἐκεῖς’
1202 267 1398 332 ἔλθοιμ’
1433 268 1553 330 ἐγώ,

233 355 442 410 ἐνταῦθ’
472 355 810 422 ἀναετρέψαε
850 357 1018 409 ἔπινε·
1059 358 1146 409 καὶ
1187 357 1327 422 μάλα

232 446 367 498 κατὰ
407 446 590 507 λόγον.
632 445 697 498 οὐ
738 446 839 509 γὰρ
880 445 946 510 ἦν
988 446 1018 498 ὁ
1058 450 1332 499 νουθετῶν
1372 447 1562 511 πατήρ,

234 536 298 588 οὐ
339 536 440 600 μὴν
481 534 545 587 δι’
587 533 780 599 ὀργήν“
821 536 906 587 καὶ
945 536 1047 600 γὰρ
1089 535 1250 588 αὐτὸ(
1292 536 1552 601 ἐγενόμην

113 637 169 676 60
210 623 283 677 εἷς
320 622 453 693 [τῶν
493 622 833 692 δυνα]με’νων
874 624 1056 677 οὐείαν
1099 625 1286 689 μικρὰν
1324 628 1494 677 ποεῖν.

112 1081 167 1121 65

15 1155 168 1228 (Mo.)

231 713 330 766 οὐκ
366 712 615 777 ἠδίκηκεν
659 712 692 776 ἡ
733 714 868 777 γυνὴ
907 713 1042 764 κατὰ
1080 714 1243 766 τοῦτό
1285 730 1362 776 γε,

231 801 347 854 ἀλλ’
381 802 434 855 ἐξ
475 802 604 866 ἐμοῦ
638 800 786 854 ἐτιν·
828 802 987 854 οὐθὲν
1029 801 1234 863 ἀγαθὸν
1274 806 1408 863 γοῦν
1447 806 1583 855 ποεῖ.

232 891 465 952 εἰειτέον,
508 889 551 942 εἰ
591 889 724 953 τῆιδ’
758 890 915 943 ἐςτίν.
960 890 1024 942 ἂν
1066 892 1124 942 δὲ
1166 892 1231 955 μὴ
1273 891 1425 955 τύχηι

230 980 307 1032 ὢν
348 979 522 1042 ἔνδον,
565 979 680 1044 ἄρτι
721 980 855 1044 πρὸ(
897 978 1102 1044 ἀγορὰν
1142 980 1487 1044 πορεύεομαι·

231 1069 338 1121 ἐκεῖ
376 1069 477 1133 γὰρ
521 1069 687 1121 αὐτόν
728 1086 834 1121 που
875 1069 1011 1132 πρὸς
1049 1067 1259 1133 Ἑρμαῖς
1299 1068 1517 1134 ὄψομαι.

233 1156 317 1222 ἆρ’
349 1157 448 1210 οὖν
489 1157 518 1209 ὁ
559 1158 733 1222 πατὴρ
775 1157 998 1221 ἐλήλυθ’,
1039 1159 1070 1222 ἢ
1111 1158 1408 1222 πορευτέον

230 1247 345 1311 ἐμοὶ
384 1247 521 1311 πρὸ(
561 1246 766 1299 ἐκεῖνόν
808 1247 966 1298 ἐςτιν·
1009 1247 1073 1298 οὐ
1114 1247 1216 1311 γὰρ
1258 1250 1338 1299 δεῖ
1377 1248 1576 1312 χρόνον

229 1336 291 1387 τὸ
332 1338 549 1400 πρᾶγμα
588 1334 876 1400 λαμβάνειν
916 1334 1058 1387 ὅλωε
1099 1334 1215 1388 οὐδ’
1254 1335 1517 1389 ὁντινοῦν.

230 1424 331 1488 ἤδη
373 1427 520 1476 δοκεῖ
534 1465 693 1475 .....
710 1441 768 1476 oc
781 1465 1461 1476 ...................
1467 1448 1471 1453 -

112 1526 166 1566 70
222 1512 410 1565 αἰτεῖν.
438 1555 448 1565 .
475 1530 620 1565 .αι.ε
635 1554 1460 1565 .......................

74 1779 170 1846 (Γ·)

75 1868 170 1935 (Γ·)

16 1954 168 2026 (Me.)

112 2059 166 2098 76

73 2131 171 2204 (Γ)

16 2221 169 2293 (Mo.)

112 2413 167 2453 80

76 2490 171 2557 (Γ)

230 1600 372 1666 οἶμαι
414 1602 591 1666 με’νειν
633 1605 713 1654 δεῖ
741 1642 1461 1654 ....................

228 1690 598 1755 προενειμάτω
629 1731 1462 1742 .......................

234 1779 340 1842 ἐγὼ
382 1781 441 1831 δὲ
481 1780 600 1843 περὶ
641 1782 748 1831 cos).
806 1777 959 1849 (Mo.)
1001 1783 1150 1844 χαῖρε
1192 1779 1412 1848 [πάππα
1451 1781 1687 1844 φίλτατε.

233 1869 317 1920 καὶ
358 1868 415 1920 cs)
456 1885 518 1931 γε
556 1909 1461 1920 .........................

232 1957 330 2009 οὐκ
369 1956 559 2019 ἔλεγον
602 1957 756 2009 εὐθὺς
780 1998 1348 2008 ................
1375 1999 1385 2021 ,.
1415 2000 1424 2008 .
1453 2001 1461 2008 .

231 2045 345 2097 ἀλλ’
379 2044 718 2110 ἀνδρεϊετέον
744 2087 1015 2096 ........
1043 2085 1052 2091 .
1081 2088 1460 2096 ...........

233 2135 351 2186 τίνα
390 2135 557 2197 λόγον
599 2134 699 2186 αἰεὶ
738 2152 874 2199 προε
890 2175 1460 2186 ................

232 2224 411 2276 πολλὰ
450 2224 569 2288 περὶ
610 2226 832 2275 πολλῶν
855 2265 1459 2274 .................

229 2313 389 2375 γῆμαί
429 2330 489 2375 με
532 2313 711 2376 βούλει
751 2314 835 2364 καὶ
857 2352 1459 2364 .................

230 2402 542 2466 φρονήεεωε
582 2402 683 2464 γὰρ
724 2400 911 2469 τοῦτ[ο
953 2404 1032 2453 δεῖ
1071 2404 1275 2465 πολλῆς
1315 2402 1471 2453 πάνυ.

236 2489 278 2540 ὦ
321 2490 572 2553 Μοεχίων
616 2489 783 2554 ἄλλην
826 2508 858 2553 μ
887 2531 1461 2541 ................

232 2578 453 2641 ἕτοιμος,
495 2579 539 2630 εἰ
579 2580 644 2643 μὴ
686 2578 991 2645 προετίθ[ηε
1007 2620 1460 2629 .............

291 2722 353 2766 59
393 2723 450 2766 δι’
474 2723 620 2777 ὀργήν
651 2723 723 2777 Κ,
753 2725 869 2777 πρὸ(
901 2724 1045 2777 ὀργήν
1078 2722 1203 2776 Wil.,
1238 2723 1319 2766 sed
1351 2736 1509 2766 vereor
1541 2725 1593 2764 ut
1626 2722 1828 2777 spatium

143 2796 347 2839 sufficiafi
436 2795 501 2840 60
533 2798 805 2850 δυναμένων
838 2795 906 2851 Κ,
941 2799 1204 2850 λεγομένων
1229 2796 1338 2838 Wil.
1422 2796 1476 2839 71
1516 2798 1667 2849 μένειν
1693 2795 1826 2838 Schu.

147 2869 205 2914 72
237 2871 555 2925 προεμεινάτω
588 2870 736 2914 πίνων
778 2869 912 2912 Schu.
1018 2869 1075 2912 73
1110 2869 1260 2925 suppl,
1295 2869 1348 2914 K.
1384 2869 1439 2912 cf.
1475 2869 1668 2911 Philem.
1705 2869 1828 2924 apud

143 2943 250 2986 Ath.
275 2942 382 2986 VIII
407 2947 527 2986 340e
561 2965 615 2978 =
647 2942 702 2987 fr.
727 2947 782 2985 42
817 2943 871 2986 K.
972 2942 1032 2986 80
1067 2945 1133 2986 δεῖ
1161 2969 1212 2974 -
1240 2945 1359 2986 πάνυ
1396 2942 1546 2998 suppl.
1580 2942 1633 2985 Κ.
