2032 3162
214 104 278 148 VI

211 260 316 292 rem
347 242 624 291 Gustavum
647 241 884 290 Lefebvre
917 245 967 290 et
996 243 1213 289 tutorem
1244 239 1511 289 Grastonem
1534 241 1776 304 Maspero,
1807 242 1894 303 qui

214 319 423 379 uterque
444 333 522 365 me
545 317 598 364 in
620 331 811 378 papyro
836 315 1150 364 retractanda
1173 331 1365 364 summa
1386 315 1729 364 benevolentia
1753 314 1892 362 adiu-

210 391 297 440 vit.
341 391 483 438 Addo
509 389 852 452 Seymourium
875 390 935 438 de
957 390 1111 450 Ricci,
1136 390 1224 450 qui
1247 388 1411 437 codice
1433 390 1616 437 iterum
1637 389 1892 453 recognito

211 465 345 513 haud
358 479 520 526 pauca
541 465 722 511 rectius
748 479 777 510 a
801 479 852 511 se
869 465 1125 531 perspecta
1148 463 1273 510 mihi
1295 462 1647 524 suppeditavit,
1671 465 1722 510 et
1737 462 1892 511 Theo-

212 539 387 587 dorum
410 538 641 597 Reinach,
666 538 752 599 qui
776 537 957 585 codicis
982 537 1197 585 frustula
1221 537 1316 584 duo
1342 553 1372 585 a
1394 537 1562 585 Riccio
1586 537 1639 584 in
1661 537 1892 600 Aegypto

215 614 502 674 comparata
533 611 720 659 edenda
750 610 874 658 mihi
896 611 1109 674 benigne
1133 612 1385 659 concessit.
1427 610 1686 659 Accedunt
1709 608 1891 673 Grego-

213 687 316 734 rius
343 686 563 746 Zereteli,
589 685 675 747 qui
699 700 889 733 summa
912 685 1214 733 liberalitate
1237 685 1453 747 primum
1475 685 1601 732 mihi
1621 685 1893 748 imaginem

211 760 411 807 chartae
452 758 610 806 adhuc
641 758 858 807 ineditae
898 758 1379 807 Ooneazomenarum
1415 759 1567 821 misit,
1605 760 1714 806 tum
1753 759 1890 806 char-

209 837 315 881 tam
344 835 506 895 ipsam
536 848 699 881 secum
724 833 787 880 ad
811 849 888 880 me
914 832 1110 895 adtulit,
1142 834 1192 880 et
1223 832 1435 880 Michael
1457 833 1777 893 Rostowzew,
1803 833 1891 894 qui

210 907 450 971 imagines
473 907 855 968 perfectissimas
880 907 1170 955 schedarum
1200 906 1686 968 Petropolitanarum
1708 907 1891 954 facien-

210 982 297 1029 das
330 982 537 1028 curavit.
584 980 715 1029 Itero
740 981 928 1044 gratias
952 979 1128 1029 Ottoni
1153 980 1380 1029 Wilcken
1403 980 1608 1043 debitas,
1640 980 1726 1042 qui
1757 983 1890 1042 post·

211 1071 361 1117 quam
391 1055 487 1103 viri
527 1055 799 1103 doctissimi
829 1055 1107 1117 Lipsienses
1139 1054 1524 1102 Periciromenes
1563 1054 1765 1103 schedas
1804 1070 1890 1103 no-

208 1145 295 1177 vas
328 1129 538 1177 edendas
569 1129 693 1176 mihi
715 1130 1058 1191 permiserunt,
1081 1128 1391 1176 membranas
1414 1129 1548 1176 lectu
1569 1127 1889 1177 difficillimas

209 1205 389 1250 iterum
414 1206 561 1264 atque
592 1204 774 1251 iterum
807 1220 835 1250 a
865 1219 943 1251 me
972 1205 1175 1266 rogatus
1201 1205 1538 1265 perscrutatus
1569 1204 1656 1251 est.
1695 1201 1890 1266 Agmen

210 1276 409 1325 claudat
453 1278 496 1324 is
545 1278 630 1339 qui
674 1278 829 1325 totius
869 1278 1030 1339 operis
1069 1277 1313 1325 fautorem
1359 1277 1891 1335 benevolentissimum,

210 1351 485 1398 adiutorem
497 1351 961 1414 ingeniosissimum,
975 1353 1299 1399 correctorem
1311 1351 1673 1399 severissimum
1691 1365 1741 1399 se
1753 1366 1892 1413 prae-

209 1426 354 1484 stitit,
385 1425 673 1472 Udalricum
703 1425 762 1473 de
794 1425 1128 1473 Wilamowitz
1160 1424 1282 1472 dico.
1331 1424 1582 1481 Quantum
1612 1425 1717 1472 eius
1750 1440 1890 1487 saga-

211 1499 353 1546 citati
383 1514 439 1546 ac
472 1498 724 1547 doctrinae
754 1500 875 1548 haec
915 1499 1067 1547 editio
1107 1498 1297 1558 debeat,
1339 1513 1668 1560 unaquaeque
1706 1498 1890 1561 pagina

209 1573 364 1620 docet.

283 1647 458 1694 Restat
495 1648 554 1694 ut
593 1646 651 1694 de
691 1648 898 1707 ratione,
942 1663 1040 1709 qua
1078 1649 1131 1694 in
1173 1649 1312 1694 textu
1352 1649 1401 1694 et
1441 1648 1687 1708 apparatu
1719 1647 1889 1693 critico

211 1720 551 1768 constituendo
592 1736 709 1768 usus
749 1737 878 1781 sum,
918 1736 1078 1783 pauca
1118 1721 1310 1769 addam.
1358 1720 1417 1767 In
1446 1722 1588 1768 textu
1616 1720 1890 1768 maiusculo

210 1809 308 1841 non
340 1809 506 1842 omnes
537 1796 670 1843 locos
694 1796 879 1855 notavi,
913 1795 1091 1856 quibus
1116 1795 1196 1843 vel
1218 1794 1366 1857 plura
1389 1794 1469 1842 vel
1492 1794 1594 1841 alia
1617 1794 1717 1857 legi
1741 1810 1891 1855 quam

211 1867 513 1929 Lefeburius,
547 1884 627 1916 eos
659 1871 855 1916 tantum
887 1869 1051 1930 attuli,
1084 1868 1261 1930 quibus
1291 1867 1526 1916 lectiones
1564 1883 1703 1916 meae
1727 1867 1889 1916 minus

211 1945 371 1989 certae
403 1945 530 1990 sunt.
574 1942 634 1989 In
663 1945 803 1990 textu
834 1943 1107 1991 minusculo
1140 1959 1197 1991 ea
1221 1958 1347 2005 quae
1372 1943 1501 1990 certe
1527 1941 1756 2003 suppleta
1787 1957 1890 1989 esse

210 2016 440 2063 videntur
471 2017 607 2064 uncis
639 2032 738 2064 non
768 2018 960 2077 inclusi,
992 2033 1052 2063 ne
1084 2018 1323 2065 lectorum
1349 2016 1480 2064 oculi
1510 2015 1704 2064 assidue
1736 2017 1889 2077 impe-

210 2089 445 2137 direntur.
499 2090 557 2137 In
590 2095 834 2151 apparatu
865 2091 1035 2139 critico
1069 2093 1293 2139 auctores
1327 2106 1497 2139 eorum
1527 2089 1890 2150 supplemento-

208 2180 333 2222 rum,
366 2180 489 2224 quae
522 2165 653 2212 ultro
679 2180 727 2212 se
754 2165 979 2220 offerunt,
1012 2180 1110 2212 non
1134 2164 1401 2224 nominavi,
1434 2178 1529 2225 quo
1561 2162 1631 2224 fit,
1662 2166 1719 2210 ut
1750 2162 1889 2211 Lefe-

209 2237 340 2284 burii
358 2240 405 2283 et
418 2236 624 2286 Croiseti
635 2239 836 2286 nomina
850 2240 1212 2300 exspectatione
1228 2238 1388 2286 rarius
1405 2238 1677 2286 occurrant.
1711 2234 1889 2284 Omnes

211 2312 427 2358 omnium
459 2312 677 2359 virorum
709 2312 963 2360 doctorum
996 2314 1302 2359 coniecturas
1335 2311 1505 2359 afferre
1537 2310 1690 2371 nolui,
1722 2325 1891 2358 vereor

212 2386 377 2431 autem
408 2401 467 2431 ne
500 2386 629 2433 iusto
662 2387 827 2447 plures
861 2387 1128 2433 attulerim.

285 2502 477 2549 Dabam
510 2502 681 2551 Gissae
713 2520 876 2552 mense
909 2503 1108 2551 Octobri
1145 2506 1299 2551 1909.
