1980 3168
97 301 155 341 40

0 466 154 533 (Δα.)

96 746 153 784 45

0 1089 150 1154 (Μο.)

94 1189 149 1228 50

3 1443 148 1510 (φλ.)

0 1621 147 1688 (Aa.)

92 1724 146 1763 56

90 2078 147 2117 60

855 153 1104 197 ΓΕωΡΓΟ(
1347 197 1350 199 ,
1719 152 1821 204 157

217 287 376 341 πάνθ’
408 288 582 341 ὁπόςα
620 289 880 353 φέρομεν·
921 292 1090 341 ταῦτα
1129 288 1284 340 πάντ>
1327 287 1399 340 εἰς
1439 289 1565 340 τοὺς
1605 289 1822 352 γάμους.

221 377 265 430 ὦ
306 381 457 443 χαῖρε
497 378 676 429 πολλὰ
717 378 975 442 Μυρρίνη.
1035 375 1187 447 (Mo.)
1228 377 1371 429 πάνυ
1411 379 1496 429 καὶ
1537 378 1595 429 ςύ
1637 394 1710 438 γε.

221 466 285 518 οὔ
327 484 380 518 ςε
420 467 710 530 καθεώρων
751 468 962 530 γεννικὴ
1005 467 1091 518 καὶ
1130 466 1316 529 κοςμία

220 556 390 617 γύναι.
440 555 489 607 τί
528 554 799 619 πράττεις;
843 555 1101 620 βούλομαί
1142 554 1183 607 ς’
1217 555 1436 617 ἀγαθῶν
1478 555 1673 616 λόγων,

218 647 423 709 μᾶλλον
465 645 523 695 δὲ
564 644 811 708 πράξεων
853 645 1137 708 έςομένων,
1178 643 1244 695 ἂν
1285 644 1336 695 οἱ
1377 644 1488 696 θεοί

219 734 421 793 θέλωςι,
462 736 642 794 γεῦςαι
683 734 768 784 καὶ
808 733 1006 798 φθάςαι
1047 737 1263 797 πρῶτος
1303 732 1523 796 φράςας.

214 821 244 873 ὁ
288 822 599 873 Κλεαίνετος
640 822 758 887 γάρ,
800 823 842 891 ᾧ
882 823 944 874 τὸ
987 822 1257 886 μειράκιον
1297 822 1359 873 τὸ
1401 822 1494 873 ςόν

214 910 505 975 ἐργάζεται,
546 912 735 975 πρώην
777 911 898 963 ποτ’
934 912 991 963 ἐν
1031 915 1146 963 ταῖς
1186 910 1444 975 ἀμπέλοις

214 1000 461 1053 (κάπτων
502 1002 722 1065 διέκοψε
762 1001 824 1052 τὸ
867 1002 1048 1052 ςκέλος
1089 1003 1326 1064 χρηςτῶς
1366 999 1523 1051 πάνυ.

214 1089 419 1141 τάλαιν’
453 1089 575 1152 ἐγώ.
634 1090 785 1156 (Δα.)
828 1089 1023 1153 θάρρει,
1057 1090 1118 1140 τὸ
1159 1089 1327 1152 πέρας
1367 1087 1412 1138 δ’
1449 1086 1610 1140 ἄκουέ
1651 1106 1766 1153 μου.

214 1177 323 1229 ἀπὸ
364 1181 460 1230 τοῦ
502 1178 604 1241 γὰρ
647 1179 848 1239 ἕλκους,
891 1178 964 1229 ώς
1004 1181 1241 1242 τριταῖον
1284 1178 1514 1239 ἐγένετο,

214 1269 425 1331 βουβὼν
468 1267 668 1331 ἐπήρθη
711 1272 786 1336 τῷ
827 1267 1055 1331 γέροντι,
1097 1267 1262 1330 θέρμα
1301 1283 1359 1318 τε

213 1356 474 1420 ἐπέλαβεν
516 1356 696 1417 αὐτόν,
737 1357 822 1407 καὶ
861 1359 1034 1407 κακῶς
1076 1355 1226 1420 ἕςχεν
1267 1355 1424 1408 πάνυ.

213 1443 330 1496 ἀλλ’
364 1445 699 1509 έκκορηθείης
740 1444 798 1496 ςύ
843 1444 905 1505 γ’,
948 1443 1036 1496 οἷα
1074 1443 1283 1506 τάγαθά

210 1532 353 1596 ἥκεις
394 1533 764 1596 ἀπαγγέλλων.
819 1533 970 1599 (Μυ.)
1013 1534 1184 1584 ςιώπα
1217 1533 1475 1597 γράιδιον.

213 1621 443 1674 ἐνταῦθα
483 1623 662 1686 χρείας
702 1624 994 1686 γενομένης
1035 1622 1180 1691 αὐτῷ
1221 1639 1366 1674 τινος

211 1711 507 1775 κηδεμόνος
548 1711 598 1763 οἱ
639 1713 733 1775 μὲν
776 1711 973 1762 οἰκέται
1013 1712 1098 1762 καὶ
1141 1710 1412 1775 βάρβαροι,

211 1799 297 1864 ἐφ’
332 1798 412 1852 οἷς
453 1800 656 1852 ἐκεῖνός
698 1800 849 1861 ἐςτιν,
891 1800 1137 1864 οἰμώζειν
1179 1800 1350 1863 μακρά

214 1889 404 1950 ἔλεγον
446 1888 693 1950 ἅπαντες,
736 1889 765 1940 ὁ
807 1891 865 1940 δὲ
907 1890 995 1940 ςος
1035 1889 1165 1950 υἱός,
1207 1888 1372 1940 οἱονεί

208 1978 423 2040 νομίςας
465 1978 659 2029 ἑαυτοῦ
700 1978 920 2040 πατέρα,
961 1978 1181 2040 πορίςας
1221 1977 1476 2041 φάρμακα

209 2066 447 2130 ἤλειφεν,
491 2067 766 2130 ἑξέτριβεν,
810 2065 1071 2127 ἀπένιζεν,
1114 2069 1309 2129 φαγεῖν

209 2156 524 2219 προςέφερε,
565 2158 936 2219 παρεμυθεῖτο,
978 2154 1120 2206 πάνυ
1162 2155 1386 2219 φαύλως
1428 2155 1568 2218 ἔχειν

127 2301 206 2343 ςόν
230 2299 363 2354 Blass,
397 2301 541 2354 ἀγρόν
566 2299 641 2343 Gr.
667 2299 723 2342 H.
817 2298 876 2342 47
914 2302 1133 2353 ἀμπέλοις
1164 2299 1265 2342 Nic.
1362 2298 1420 2342 48
1454 2305 1661 2355 χρηςτώς
1693 2302 1813 2344 πάνυ

122 2371 197 2416 Gr.
216 2372 271 2415 H.
300 2373 524 2416 Kai.Wil.
553 2373 610 2417 cf,
636 2374 737 2416 Ael.
762 2373 845 2429 Ep.
866 2379 890 2415 2
917 2375 1125 2428 Ἡμέρων
1151 2376 1175 2417 ὁ
1203 2375 1407 2427 μαλακὸς
1431 2377 1587 2429 φελλεῑ
1613 2376 1814 2427 ἑπέκοψε

123 2449 179 2490 τὸ
214 2449 370 2491 ςκέλος
401 2449 523 2491 πάνυ
557 2453 779 2502 χρηςτῶς,
813 2451 887 2491 καὶ
919 2450 1062 2503 θέρμη
1099 2450 1320 2502 ἐπέλαβεν
1345 2450 1489 2491 αὐτοῦ
1525 2451 1596 2491 καὶ
1631 2450 1813 2502 βουβὼν

123 2520 302 2575 ἐπήρθη
398 2520 457 2563 51
494 2521 656 2565 Zonar.
686 2525 800 2564 1030
822 2544 875 2557 =
895 2520 948 2564 fr.
970 2525 1024 2563 98
1044 2521 1096 2564 Κ.
1125 2524 1267 2576 θέρμη
1297 2525 1371 2565 καὶ
1395 2524 1559 2576 θέρμα.
1582 2557 1588 2563 .
1611 2524 1813 2565 .Μέναν-

123 2596 252 2648 δρος·
289 2596 470 2649 βουβών
495 2621 552 2626 -
579 2597 737 2651 αὐτόν,
764 2594 821 2638 cf.
848 2594 1001 2650 Etym.
1027 2610 1085 2638 m.
1114 2599 1197 2637 206
1225 2597 1271 2637 ct
1296 2595 1464 2650 Phryn.
1491 2610 1533 2650 p.
1555 2600 1638 2637 331
1666 2595 1811 2649 (Lob.)

124 2666 186 2710 53
220 2667 361 2711 schol.
394 2668 471 2711 Ar.
503 2668 609 2712 Pac.
636 2673 705 2721 59,
741 2668 868 2711 Suid.
903 2683 936 2711 s.
962 2684 1004 2711 v.
1032 2691 1085 2704 ==
1112 2668 1165 2710 fr.
1194 2673 1277 2711 903
1303 2669 1356 2711 Κ.
1392 2672 1464 2712 καὶ
1490 2671 1514 2711 ὁ
1541 2670 1812 2734 Μένανδρός

122 2757 236 2797 φηςι
259 2745 475 2786 πολλάκις
503 2744 830 2798 ,,ἐκκορηθείης
856 2744 905 2786 ςύ
931 2745 1012 2795 γε“
1099 2741 1161 2786 54
1188 2745 1332 2786 ςιώπα
1356 2744 1564 2797 γράιδιον
1583 2742 1709 2785 Davo
1730 2742 1812 2784 dat

125 2814 228 2859 Nic.
337 2816 395 2859 57
441 2817 517 2871 ἐφ’
550 2817 618 2860 οἷς
650 2816 775 2871 Kai.‚
817 2817 935 2870 ἔζης’
968 2819 1160 2860 ἐκεῖνος·
1203 2816 1277 2859 Gr.
1310 2816 1389 2868 H.;
1431 2817 1578 2870 μακρά
1611 2815 1741 2858 Rich.

125 2888 186 2932 58
213 2890 353 2933 οἱονεί
377 2889 491 2932 Blass
576 2890 639 2934 59
664 2891 852 2945 πορίςας
877 2892 1099 2944 φάρμακα
1118 2890 1344 2941 Kretsch.‚
1364 2890 1636 2943 ἀπορθώςας
1652 2888 1808 2941 GRH„

123 2964 261 3006 πάλιν
285 2963 518 3019 Ε11.Βι]1·5Γ
609 2964 667 3007 61
697 2978 810 3007 corr.
836 2963 968 3006 Rich.
987 2963 1097 3007 Wil.
1125 2966 1149 3007 ὃ
1174 2966 1295 3008 πάνυ
1322 2966 1516 3018 φαύλως
1542 2966 1631 3016 ἔχει
1658 2961 1733 3005 Gr.
1752 2962 1807 3003 H.
