2032 3162
754 146 1098 191 PRAEFA'rm
1170 134 1180 146 ‘
1629 147 1779 191 xxxl

84 290 219 349 sunt,
242 289 532 350 plerumque
557 303 668 336 cum
691 288 780 336 illo
805 303 1088 350 congruere,
1119 289 1300 350 septies
1324 288 1435 336 ‚eius
1466 288 1645 336 menda
1675 303 1779 336 cor-

82 363 259 425 rigere,
282 362 359 410 bis
384 362 567 425 corrigi
591 361 652 409 ab
677 362 766 409 illo
795 377 947 423 supra
972 357 1041 425 (p.
1059 355 1180 428 XII)
1205 362 1410 410 ostendi.
1444 361 1668 425 Singulis
1692 378 1778 424 pa-

84 452 291 527 ginis—
247 466 277 498 a
315 466 467 498 manu
505 452 778 499 recentiore
817 450 1142 512 superscripti
1174 453 1289 499 sunt
1319 452 1510 499 numeri
1550 465 1650 513 να,
1681 452 1776 512 νβ,

85 541 178 600 ξα,
217 540 307 601 ξβ,
352 555 475 602 quos
518 540 669 588 tertia
700 555 877 587 manus
916 556 1015 588 non
1053 539 1177 588 bene
1215 540 1434 588 mutavit
1470 540 1521 587 in
1555 540 1650 601 νβ,
1681 554 1778 602 νγ,

85 629 175 690 ξβ,
207 629 324 686 ξγ.
356 628 547 686 Quibus
580 645 639 677 ex
670 630 889 677 numeris
921 631 1030 676 tota
1062 628 1244 677 codicis
1277 630 1567 677 constitutio
1600 645 1780 692 cogno-

86 703 260 751 scitur:
301 700 614 765 Compositus
646 705 753 751 erat
785 719 810 750 e
836 702 1259 765 quaternionibus,
1289 704 1343 750 in
1378 703 1556 764 quibus
1588 705 1780 752 rectum

86 779 137 824 et
166 792 363 824 versum
396 776 567 824 eadem
597 777 706 841 lege
741 777 1057 825 alternabant
1098 793 1195 838 qua
1225 778 1279 824 in
1312 776 1477 825 codice
1500 792 1782 840 papyraceo

87 849 321 899 Gairensi.
380 851 597 898 Schedae
638 854 863 899 servatae
911 851 1031 898 olim
1062 851 1377 899 cohaerentia
1421 854 1563 899 erant
1605 852 1782 899 folium

88 925 298 972 alterum
331 926 672 987 quaternionis
707 925 887 987 quarti,
919 927 1050 973 inter
1082 941 1164 974 eas
1198 925 1376 973 desunt
1407 926 1507 974 duo
1546 926 1668 974 folia
1699 927 1781 974 vel

89 1000 196 1047 240
234 1014 430 1060 versus,
478 999 836 1048 antecedebant
878 1000 947 1047 50
994 999 1209 1062 paginae
1249 1000 1330 1047 vel
1373 1001 1515 1049 1500
1547 995 1781 1065 versusl)

87 1071 275 1129 Quibus
315 1089 340 1120 e
371 1074 590 1122 numeris
631 1075 841 1136 apparet
871 1073 1268 1122 Periciromenen
1309 1074 1577 1122 secundum
1617 1075 1781 1122 locum

85 1148 139 1195 in
170 1147 335 1195 codice
368 1149 599 1210 tenuisse,
638 1147 911 1210 incipiebat
942 1149 1043 1195 fere
1076 1148 1129 1195 in
1159 1149 1344 1210 pagina
1378 1141 1509 1213 35.2)
1566 1147 1708 1204 Quod
1738 1150 1785 1196 si

85 1223 218 1270 recte
233 1221 520 1269 ratiocinati
538 1238 722 1283 sumus,
748 1224 862 1269 ante
880 1223 1096 1283 primum
1112 1237 1309 1269 versum
1334 1223 1540 1270 schedae
1557 1222 1780 1284 Lipsien-

88 1295 154 1344 sis
185 1297 441 1357 perierunt
463 1295 853 1344 Periciromenes
878 1312 1047 1344 versus
1079 1297 1182 1343 fere
1210 1290 1390 1362 460³),
1424 1298 1539 1344 ante
1565 1298 1785 1358 primum

87 1385 286 1418 versum
328 1370 381 1416 in
424 1370 589 1418 codice
625 1369 846 1418 Cairensi
889 1373 1100 1431 servato,
1144 1370 1230 1432 qui
1271 1385 1300 1417 a
1331 1370 1491 1432 primo
1531 1371 1783 1432 Lipsiensi

89 1443 246 1491 distat
276 1444 378 1491 fere
410 1460 579 1492 versus
615 1446 734 1502 343,
777 1444 958 1494 desunt
995 1445 1097 1492 fere
1141 1447 1245 1492 117
1279 1460 1471 1505 versus,
1510 1445 1785 1506 incipiebat

87 1517 247 1581 igitur
284 1517 644 1566 Periciromene
681 1519 735 1565 in
777 1518 1000 1567 Oairensi
1040 1518 1204 1567 codice
1253 1518 1306 1565 in
1350 1519 1538 1582 pagina
1578 1520 1782 1581 paenul-

86 1591 214 1639 tima
244 1592 583 1654 quaternionis
615 1592 963 1641 antecedentis.

163 1665 544 1714 Vetustissimus
584 1666 968 1715 Periciromenes
1008 1667 1158 1727 liber,
1207 1667 1292 1728 qui
1342 1667 1501 1715 adhuc
1547 1667 1784 1729 innotuit,

89 1740 320 1788 volumen
347 1742 420 1787 est
446 1742 584 1790 cuius
609 1742 945 1804 fragmentum
972 1740 1193 1789 Grenfell
1219 1743 1268 1787 et
1292 1741 1437 1788 Hunt
1463 1740 1784 1804 Oxyrhynchi

90 1814 386 1861 invenerunt
410 1817 461 1862 et
482 1816 537 1862 in
561 1817 696 1863 tomo
723 1815 933 1863 secundo
960 1831 1265 1878 papyrorum
1292 1813 1784 1877 Oxyrhynchicarum

94 1881 163 1953 (p.
193 1890 257 1935 11
293 1905 339 1937 n.
367 1885 541 1953 CCXI)
575 1889 747 1937 addita
778 1889 951 1937 tabula
982 1890 1309 1952 phototypica
1342 1890 1613 1937 ediderunt.
1660 1891 1788 1938 Erat

92 1962 327 2010 volumen
342 1963 712 2024 nitidissimum,
733 1964 854 2023 33,4
873 1980 962 2011 cm.
974 1965 1147 2023 altum,
1165 1964 1361 2011 saeculo
1378 1964 1539 2024 primo
1557 1982 1602 2026 p.
1615 1963 1726 2012 Chr.
1736 1981 1783 2011 n.

92 2038 299 2083 exeunte
331 2037 412 2084 vel
445 2037 656 2085 secundo
688 2039 890 2085 ineunte
923 2038 1127 2099 pulchre
1162 2040 1430 2085 exaratum.
1477 2037 1685 2086 Servata
1711 2040 1787 2085 est

92 2125 191 2156 una
224 2111 452 2157 columna
488 2113 552 2158 51
582 2127 815 2159 versuum
848 2128 1004 2173 paene
1037 2113 1232 2174 integra
1266 2115 1314 2159 et
1346 2112 1680 2159 antecedentis
1706 2128 1785 2160 ex-

92 2186 280 2231 tremae
321 2185 515 2246 aliquot
539 2186 774 2247 syllabae.
819 2185 1076 2234 Librarius
1102 2186 1368 2247 scriptione
1393 2187 1540 2247 plena
1565 2203 1664 2234 non
1689 2187 1787 2234 nisi

94 2258 245 2305 semel
286 2252 440 2324 (446)
476 2275 595 2307 usus
637 2262 725 2320 est,
769 2261 1126 2321 apostrophum
1170 2261 1366 2321 saepius
1407 2260 1596 2308 omittit
1636 2277 1785 2321 quam

94 2333 251 2393 ponit,
284 2334 444 2393 spatio
477 2348 631 2381 vacuo
665 2350 1021 2396 nonnunquam
1055 2350 1145 2395 pro
1176 2334 1575 2396 interpunctione
1611 2336 1788 2394 utitur,

94 2421 418 2466 personarum
449 2408 778 2455 mutationem
811 2408 1126 2470 paragrapho
1159 2410 1326 2455 versui
1358 2408 1633 2469 subscripta
1657 2408 1786 2455 indi-

97 2481 191 2526 cat.
254 2480 432 2528 Totam
474 2482 698 2528 chartam
739 2485 983 2530 corrector
1024 2484 1253 2529 accurate
1297 2483 1564 2542 recensuit,
1607 2482 1788 2529 menda

175 2609 216 2672 1)
247 2605 299 2648 In
331 2607 574 2661 proecdosi
606 2622 649 2663 p.
679 2612 761 2650 148
794 2607 844 2650 in
878 2608 1190 2663 computando
1226 2608 1386 2662 erravi,
1418 2608 1534 2651 recti
1569 2610 1677 2651 sunt
1700 2623 1783 2650 nu-

97 2677 217 2779 megl)
245 2680 306 2766 {4
318 2670 540 2781 lpddgsigae
572 2738 732 2768 versus
764 2725 860 2768 fere
896 2730 1008 2768 1020
1041 2725 1365 2780 continebant,
1407 2728 1587 2769 restant
1625 2726 1785 2782 igitur,

100 2782 139 2825 si
164 2786 489 2850 argumenteui
511 2786 559 2826 et
582 2798 884 2840 personarum
909 2785 1112 2828 indicem
1137 2799 1350 2828 versuum
1376 2785 1471 2828 fere
1498 2789 1553 2827 20
1579 2785 1785 2841 spatium

99 2854 350 2897 occupasse
382 2843 614 2897 ponimus,
646 2843 836 2886 fabulae
868 2844 1047 2899 primae
1083 2848 1195 2886 1000
1228 2858 1398 2887 versus.

175 2902 217 2955 3)
250 2901 432 2957 Viginti
457 2916 674 2945 versuum
708 2903 911 2958 spatium
943 2917 1100 2945 rursus
1134 2902 1288 2946 tribuo
1324 2904 1599 2960 argumento
1640 2905 1686 2945 et
1717 2902 1786 2944 in·

101 2958 195 3002 dici
225 2973 538 3014 personarum.
