1974 3100
220 137 290 190 10
990 138 1133 182 ΗΡΩς

1035 274 1083 327 5.

1140 351 1269 413 χοῦς
1308 349 1633 412 κεκραμένου

393 437 567 491 οἴνου·
609 438 790 502 λαβὼν
830 437 999 488 ἔκπιθι
1038 439 1248 488 τοῦτον.

362 523 531 568 Athen.
564 523 606 565 X
638 527 762 566 4260
796 543 851 559 ===
884 521 939 565 fr.
966 527 1050 565 212
1077 522 1131 566 Κ.
1165 524 1436 578 Μένανδρος
1469 525 1518 568 ἐν
1550 524 1697 578 Ἥρωι
1730 525 1846 580 ἔφη·

1038 630 1085 680 6.

393 719 862 784 ἐπεφαρμακεύςω,
903 718 1196 780 γλυκύτατ’,
1238 718 1518 771 ἀναλυθεὶς
1558 719 1720 782 μόλις.

330 805 463 850 Phot.
498 805 598 849 Ber.
632 821 677 861 p.
705 810 803 859 115,
832 809 884 849 19
919 807 966 849 et
990 804 1118 848 Suid.
1145 827 1200 841 =
1226 804 1281 849 fr.
1307 809 1391 848 213
1417 804 1469 848 K.
1505 807 1809 860 ἀναλυθῆναι·
1843 807 1899 850 τὸ

213 876 434 928 καθαρμῷ
466 888 554 916 τινι
586 873 834 928 χρήςαςθαι
866 873 1141 927 φαρμάκων.
1183 873 1454 927 Μένανδρος
1483 873 1630 927 Ἥρωι

1038 971 1084 1023 7.

391 1059 449 1112 εὖ
488 1059 602 1122 ἴςθι,
644 1060 790 1121 κάγὼ
832 1063 993 1112 τοῦτο
1034 1060 1450 1126 ςυγχωρήςομαι.

330 1145 539 1189 Ammon.
568 1146 625 1189 de
658 1145 806 1189 differ.
839 1161 882 1202 p.
912 1151 964 1189 76
992 1169 1047 1183 =
1072 1146 1127 1189 fr.
1155 1151 1240 1189 214
1265 1146 1320 1190 K.
1351 1148 1438 1191 ἴςθι
1471 1149 1553 1201 μὲν
1585 1148 1673 1202 γὰρ
1706 1149 1779 1191 ἐπὶ
1809 1151 1894 1190 τοῦ

210 1212 402 1265 γίνωςκε
434 1214 662 1257 τάςςεται.
684 1249 693 1258 .
715 1216 809 1257 ,καὶ
841 1215 1114 1269 Μένανδρος
1145 1215 1195 1257 ἐν
1226 1214 1372 1269 Ἥρωι

1034 1312 1080 1364 8.

389 1465 417 1512 δ
471 1461 481 1476 Ι
921 1407 1030 1454 τῶν
1069 1402 1201 1469 (δὲ)
1239 1405 1526 1454 παιδιςκῶν
1566 1419 1666 1453 τινι

422 1478 530 1513 ους.

330 1547 550 1591 Choorob.
585 1548 633 1590 in
658 1547 832 1591 Theod.
859 1547 879 1589 I
903 1552 1003 1602 410,
1032 1551 1085 1589 15
1117 1546 1210 1590 Hil.
1238 1569 1293 1583 =
1319 1547 1374 1590 fr.
1402 1551 1487 1590 215
1514 1547 1568 1590 Κ.
1603 1550 1693 1591 ἀπὸ
1726 1550 1777 1592 δὲ
1808 1553 1893 1592 τοῦ

210 1616 412 1667 θηλυκοῡ
445 1620 530 1658 τοῦ
565 1613 668 1673 <ἡ>
701 1621 806 1658 παῖς
836 1615 1010 1668 γίνεται
1041 1617 1069 1668 ἡ
1103 1615 1313 1671 τζαιδίςκη
1349 1617 1422 1657 καὶ
1462 1615 1508 1658 αἱ
1538 1615 1766 1658 παιδίςκαι
1797 1620 1894 1659 τῶν

207 1683 456 1724 παιδιςκῶν
488 1684 846 1736 περισπωμένως
886 1684 950 1725 ὡς
991 1683 1258 1735 μονογενές,
1301 1681 1401 1739 (ὡς
1431 1680 1523 1739 τὸ>
1564 1686 1662 1724 τῶν
1695 1707 1749 1713 —-
1785 1684 1895 1726 δοὺς

207 1749 333 1802 παρὰ
363 1753 431 1804 τῷ
465 1749 723 1805 Μενάνδρῳ
757 1750 805 1792 ἑν
836 1754 905 1804 τῷ
936 1749 1104 1802 Ἥρωις
1138 1749 1188 1792 δέ
1219 1747 1355 1791 inser.
1390 1746 1604 1791 Meineke

1029 1845 1077 1898 9.

386 1934 428 1987 ὧ
470 1937 740 2000 δυςτυχής,
782 1937 826 1988 εἰ
867 1938 932 2000 μὴ
978 1939 1159 2001 βαδιεῖ.

328 2019 549 2065 Choerob.
575 2021 625 2065 in
640 2022 868 2066 Theodos.
885 2021 919 2075 Ι,
948 2026 1045 2076 176,
1061 2027 1115 2065 41
1142 2021 1234 2064 Hil.
1254 2043 1309 2058 =
1334 2021 1388 2064 fr.
1416 2026 1501 2065 216
1526 2021 1578 2065 K.
1613 2024 1638 2066 ὁ
1664 2024 1891 2077 δυςτυχής

207 2087 245 2130 ὦ
279 2089 516 2143 δυςτυχής,
550 2090 614 2133 ὡς
646 2090 770 2143 παρὰ
801 2094 869 2145 τῷ
903 2090 1160 2145 Μενάνδρῳ
1195 2091 1244 2132 ἐν
1274 2094 1342 2145 τῷ
1374 2090 1520 2143 Ἥρωι

1016 2187 1097 2239 10.

741 2274 902 2346 (Γορ.)
944 2280 1041 2329 νῦν
1083 2279 1140 2328 δὲ
1179 2281 1291 2329 τοῖς
1332 2278 1383 2331 ἐξ
1426 2277 1622 2330 ἄςτεως

384 2367 693 2429 κυνηγέταις
731 2366 911 2429 ἥκουςι
952 2368 1330 2430 περιηγήςομαι

383 2455 476 2505 τὰς
518 2454 767 2519 ἀχράδας.

323 2539 428 2583 Lex.
463 2539 671 2583 Sabbait.
705 2555 751 2595 p.
777 2544 802 2582 4
836 2542 1107 2595 Μένανδρος
1137 2541 1283 2595 Ἥρωι

992 2637 1106 2690 11*.

595 2728 807 2790 ποήςεις
848 2727 1057 2779 ἀςτικὸν
1098 2729 1291 2780 ςαυτόν
1332 2728 1504 2779 πάλιν.

322 2811 517 2855 Bekker.
558 2812 731 2855 Anecd.
765 2817 866 2866 454,
893 2818 915 2855 7
953 2835 1007 2848 =
1040 2812 1094 2856 fr.
1130 2816 1214 2855 868
1247 2813 1302 2855 Κ.
1351 2815 1526 2858 ἀςτεῑος
1569 2817 1641 2858 καὶ
1690 2815 1881 2869 ἀςτικός,

203 2880 379 2921 διττῶς.
429 2880 717 2933 Μένανδρος
751 2880 1044 2933 προποιήςεις
1077 2881 1175 2931 κτὲ;
1210 2881 1479 2934 Μένανδρος
1510 2881 1657 2936 Ἥρω·
1698 2880 1882 2933 ποήςεις

203 2943 320 2986 coni.
354 2943 558 2998 Toupius
