1980 3168
183 81 291 134 206
928 81 1127 125 ΦΑΕΜΑ

320 225 701 331 Fragmenta
740 244 997 311 aliunde
1035 262 1185 311 nota
1225 262 1286 311 e't
1325 259 1713 313 testimonia.

1008 392 1053 444 1.

328 508 496 551 Donat.
532 507 604 550 ad.
639 506 739 550 Ter.
765 505 883 551 Eun.
915 507 1034 563 prol.
1060 512 1090 550 9⁴
1118 507 1321 552 Phasma
1351 522 1520 553 nomen
1553 509 1743 553 fabulae
1774 509 1871 553 Me-

181 582 349 625 nandri
388 582 478 637 est,
519 581 568 624 in
609 594 702 636 qua
741 595 938 625 noverca
978 582 1262 638 superducta
1301 583 1590 628 adulescenti
1628 583 1873 641 virginem,

182 670 322 711 quam
371 669 426 699 ex
472 654 623 700 vicino
666 656 870 711 quodam
918 658 1214 712 conceperat,
1270 656 1434 700 furtim
1481 658 1719 714 eductam,
1767 673 1872 702 cum

179 729 374 773 haberet
412 729 461 772 in
492 728 688 772 latebris
722 729 860 786 apud¹
879 729 1085 774 vicinum
1115 731 1391 787 proximum,
1422 722 1511 777 hoc
1542 732 1681 776 modo
1714 745 1872 776 secum

179 803 388 848 habebat
432 802 621 846 assiduo
668 802 798 847 null'o
847 791 1053 849 conscio:
1077 795 1079 798 ’
1107 796 1358 861 parietem,
1409 805 1489 862 qui
1528 806 1709 850 medius
1748 806 1875 849 inter

179 878 368 922 domum
401 876 560 920 mariti
593 890 648 920 ac
678 876 822 920 vicini
853 877 1029 933 fuerat,
1068 877 1139 922 ita
1177 878 1405 935 perfodit,
1444 880 1498 922 ut
1528 878 1631 936 ipso
1668 880 1871 924 transitu

179 965 361 996 sacrum
384 951 538 995 locum
564 964 664 995 esse
689 948 934 995 simularet
950 965 1148 1008 eumque
1172 953 1426 997 transitum
1449 953 1716 997 intenderet
1735 954 1872 998 sertis

181 1039 235 1070 ac
258 1025 422 1069 fronde
445 1024 574 1069 felici
597 1038 694 1069 rem
720 1025 927 1069 divinam
954 1039 1092 1082 saepe
1116 1026 1294 1071 faciens
1327 1028 1375 1071 et
1397 1028 1584 1071 vocaret
1615 1027 1676 1070 ad
1709 1041 1757 1071 se
1781 1028 1871 1071 vir-

179 1100 356 1157 ginem,
404 1099 529 1155 quod
576 1113 683 1143 cum
729 1099 1130 1151 animadvertissit
1172 1100 1445 1145 adulescens
1484 1101 1635 1158 primo
1677 1103 1870 1158 aspectu

179 1173 404 1230 pulchrae
434 1173 631 1230 virginis
662 1173 792 1217 velut
821 1173 1028 1217 numinis
1060 1174 1163 1217 visu
1183 1174 1436 1233 ,perculsus
1461 1174 1714 1229 exhorruit,
1745 1176 1870 1219 unde

176 1247 364 1292 fabulae
388 1247 592 1291 Phasma
622 1261 791 1291 nomen
823 1249 913 1303 est3
949 1248 1116 1291 deinde
1139 1248 1372 1305 paulatim
1404 1263 1452 1293 re
1478 1249 1668 1306 cognita
1697 1249 1869 1293 exarsit

176 1322 226 1364 in
267 1335 471 1365 amorem
510 1320 696 1377 puellae
735 1321 826 1376 ita,
872 1314 926 1365 ut
963 1309 1220 1365 remedium
1259 1323 1422 1365 tantae
1462 1322 1738 1378 cupiditatis
1777 1323 1870 1367 nisi

178 1409 234 1439 ex
265 1395 443 1452 nuptiis
474 1409 569 1439 non
599 1395 893 1451 reperiretur.
942 1395 1102 1452 itaque
1135 1410 1191 1440 ex
1223 1396 1464 1440 commodo
1497 1396 1661 1439 matris
1694 1409 1749 1440 ac
1780 1397 1871 1440 vir-

178 1470 301 1527 ginis
333 1471 380 1514 et
412 1484 467 1513 ex
491 1471 596 1513 voto
622 1469 842 1512 amatoris
868 1483 1186 1525 consensuque
1210 1469 1359 1526 patris
1383 1470 1653 1526 nuptiarum
1678 1470 1871 1514 celebri-

177 1545 275 1587 tate
307 1544 445 1587 finem
479 1543 654 1599 accipit
684 1542 858 1587 fabula.

873 1741 1286 1804 v{menfactivascss',
1329 1741 1422 1792 ἐάν

481 1829 512 1892 ἡ
556 1829 799 1881 (κευαεία
839 1830 1090 1893 καθάριος
1130 1831 1161 1898 ᾗ
1203 1830 1287 1881 καὶ
1327 1830 1551 1893 ποικίλη.

324 1959 491 2003 Athen.
525 1958 645 2013 XIV,
672 1964 754 2002 661
775 1958 805 2002 f.
841 1981 895 1995 =
930 1958 984 2002 fr.
1012 1963 1094 2003 501
1121 1960 1176 2003 K.
1212 1963 1286 2003 καὶ
1321 1961 1593 2015 Μένανδρος
1625 1960 1752 2015 (τοὺς
1785 1973 1866 2013 μα-

175 2033 357 2088 γείρου(
396 2035 534 2089 λέγει)
583 2034 632 2076 ἑν
680 2034 905 2087 Φάεματι·
1051 2033 1077 2076 1
1121 2033 1488 2088 ἐπιςημαίνεεθαι
1530 2035 1585 2076 ἂν
1626 2033 1702 2086 Α.,
1751 2046 1864 2076 corr.

174 2104 372 2162 Bentley

1000 2185 1032 2233 3

895 2288 1123 2353 ἔμβαροε

324 2402 432 2446 Hes.
459 2417 492 2445 s.
519 2417 556 2445 v.
585 2424 638 2439 =
663 2401 717 2445 fr.
739 2407 822 2445 502
842 2403 895 2447 K.
931 2406 1148 2458 ἔμβαροε·
1174 2403 1349 2456 ἠλίθιος
1375 2404 1542 2457 μωρὸς,
1569 2405 1597 2457 ἢ
1623 2402 1861 2456 νουνεχὴε.

177 2477 449 2531 Μένανδρος
483 2477 699 2530 Φάεματι.
765 2476 820 2520 cf.
856 2475 973 2520 Mill.
1006 2476 1113 2520 Mel.
1147 2491 1190 2531 p.
1219 2479 1303 2518 350
1338 2475 1523 2532 (Zenob.
1555 2475 1578 2518 I
1609 2478 1665 2532 8).

996 2627 1043 2677 4.

326 2740 451 2784 Caes.
500 2742 626 2784 Bass.
677 2741 777 2797 (Gr.
809 2741 856 2784 L.
898 2741 960 2783 Vl
994 2745 1077 2784 255
1118 2741 1198 2791 K.)
1244 2739 1607 2797 Ithyphallicum
1659 2741 1858 2782 metrum

178 2827 317 2869 saepe
357 2813 526 2870 recipit
556 2815 680 2857 hunc
710 2814 998 2868 tribachum,
1040 2816 1093 2856 ut
1133 2814 1275 2857 etiam
1316 2814 1439 2869 apud
1474 2812 1777 2856 Menandrum
1808 2812 1857 2854 in

177 2886 425 2930 Phasmate
453 2922 459 2929 .
489 2922 496 2932 .
526 2923 533 2930 .
569 2887 750 2931 ostendi
783 2889 950 2944 potest.
