1974 3100
107 361 164 402 80

105 807 158 846 85

102 1249 157 1288 90

101 1695 155 1733 95

71 2139 154 2177 100

772 122 1199 168 εΠιτΡετῐοΝτες
1760 116 1828 171 19

227 259 402 325 ὀρθῶς
442 260 599 322 λέγει,
638 260 724 312 καὶ
755 260 982 322 γέγονεν
1022 258 1195 311 οὕτως
1234 257 1278 309 ὦ
1319 257 1510 322 πάτερ·

228 350 326 402 οὐκ
365 348 642 410 ἀντιλέγω.
683 349 957 413 δεόμενος,
995 347 1248 400 ἱκετεύων
1289 346 1396 407 ἐγώ

225 437 423 503 ἔλαβον
463 436 587 502 παρ’
629 438 797 490 αὐτοῦ
837 435 1213 501 τοῦτ’·ῑάληθῆ
1254 435 1356 500 γὰρ
1398 435 1553 496 λέγει.

223 527 421 591 ποιμήν
461 544 538 578 τις
579 527 850 589 ἐξήγγειλέ
890 542 992 590 μοι,
1033 526 1168 589 πρὸς
1208 524 1272 576 ὃν
1314 523 1493 576 οὑτοςί

224 616 460 680 ἐλάληςε,
500 618 611 667 τῶν
650 614 826 684 τούτῳ
869 615 1153 679 ςυνέργων,
1195 613 1302 678 ἅμα
1340 611 1459 665 τινά

222 705 419 768 κόςμον
460 707 732 768 ςυνευρεῑν
767 704 956 756 αὐτόν·
998 704 1084 755 ἐπὶ
1122 700 1531 766 τοῦτονπάτερ

226 794 389 849 αὐτὸς
427 793 678 858 πάρεςτιν
720 793 899 845 οὑτοςί
940 823 1010 829 —-
1051 793 1113 844 τὸ
1154 791 1370 844 παιδίον

221 883 316 935 δός
356 900 442 947 μοι
482 882 640 944 γύναι
682 912 751 918 —
792 883 860 934 τὰ
899 882 1086 945 δέραια
1125 882 1213 933 καὶ
1252 881 1592 945 γνωρίςματα

221 970 382 1024 οὗτός
422 970 462 1024 ς>
505 970 721 1023 ἀπαιτεῖ
761 970 878 1023 Δᾶ’.
922 970 1095 1040 ἑαυτῷ
1137 987 1262 1035 φηςι
1303 970 1404 1035 γάρ

221 1058 369 1111 ταῦτ’
410 1059 712 1123 ἐπιτεθῆναι
751 1059 962 1123 κόςμον,
1003 1059 1068 1111 οὐ
1110 1060 1189 1111 ςοὶ
1229 1059 1542 1123 διατροφήν.

220 1150 369 1209 καγὼ
410 1151 733 1210 ςυναπαιτῶ,
774 1149 953 1211 κύριος
993 1148 1348 1212 γεγενημένος

221 1237 440 1289 τούτου·
482 1237 541 1288 ςὺ
583 1236 629 1288 δ’
672 1236 901 1299 ἐπόηςάς
943 1253 1003 1300 με
1045 1237 1185 1288 δούς.
1227 1239 1325 1289 νῦν
1366 1237 1634 1297 γνωςτέον

222 1326 451 1390 βέλτιςτέ
493 1342 572 1377 ςοι
612 1324 759 1376 ταῦτ>
801 1325 952 1386 ἐςτίν,
995 1326 1067 1377 ὡς
1108 1326 1223 1389 ἐμοὶ
1264 1329 1422 1387 δοκεῖ,

222 1415 289 1466 τὰ
329 1413 492 1479 χρυςί’
531 1415 563 1478 ἢ
604 1413 753 1466 ταῦθ’
795 1413 825 1466 ὅ
866 1415 913 1466 τί
952 1412 1075 1466 ποτ’
1115 1414 1233 1476 ἐςτί,
1274 1415 1478 1479 πότερα
1511 1418 1592 1467 δεῖ

219 1504 353 1556 κατὰ
391 1505 488 1567 τὴν
529 1504 675 1555 δόςιν
716 1507 808 1566 τῆς
850 1504 1060 1567 μητρός,
1101 1503 1212 1566 ἥτις
1252 1503 1317 1567 ἦν
1357 1521 1505 1566 ποτε,

218 1597 293 1662 τῷ
334 1592 527 1661 παιδίῳ
568 1592 808 1657 τηρεῑςθ’,
851 1592 952 1644 ἕως
995 1592 1060 1644 ἂν
1102 1592 1356 1661 ἐκτραφῇ,

217 1682 249 1744 ἢ
289 1681 385 1733 τὸν
426 1681 891 1744 λελωποδυτηκότ’
934 1681 1099 1733 αὐτὸν
1138 1681 1284 1733 ταῦτ’
1327 1682 1482 1746 ἔχειν,

218 1770 262 1822 εἰ
295 1773 510 1834 πρῶτος
552 1769 671 1834 εὗρε
713 1769 1014 1835 τάλλότρια.
1055 1771 1103 1821 τί
1144 1770 1242 1822 οὖν
1283 1771 1418 1831 τότε,

217 1858 296 1910 ὅτ>
337 1859 640 1924 ἐλάμβανον
682 1857 841 1920 τοῦτ’,
883 1859 980 1911 οὐκ
1021 1858 1262 1927 ἀπῄτουν
1302 1859 1470 1911 ταῦτά
1511 1877 1585 1921 ςε;

218 1948 370 1999 οὔπω
411 1948 537 2011 παρ’
579 1948 695 2012 ἐμοὶ
736 1947 847 2000 τότ’
887 1947 953 2011 ἦν
993 1949 1126 2011 ὑπὲρ
1166 1949 1364 2000 τούτου
1406 1950 1595 2011 λέγειν.

217 2037 327 2099 ἥκω
370 2038 429 2088 δὲ
469 2038 553 2088 καὶ
595 2040 692 2088 νῦν
734 2037 831 2088 οὐκ
872 2037 1103 2101 ἐμαυτοῦ
1146 2037 1187 2088 ς>
1228 2027 1359 2089 οὐδὲ
1398 2038 1455 2089 ἕν

217 2125 357 2177 ἴδιον
398 2125 655 2178 ἀπαιτῶν.
699 2156 767 2161 -
809 2127 1018 2190 ,,κοινὸς
1058 2125 1287 2190 Ἑρμῆς“.
1330 2157 1396 2162 —
1433 2129 1563 2190 μηδὲ
1605 2128 1661 2179 ἕν

216 2213 408 2279 εὕριςχ’
447 2214 588 2267 ὅπου
630 2215 872 2278 πρόςεςτι
914 2214 1037 2278 (ὤμ’
1079 2214 1453 2279 ἀδικούμενον·

216 2304 316 2367 οὐχ
358 2303 555 2367 εὕρεςις
596 2303 740 2355 τοῦτ’
783 2303 933 2364 ἐςτιν,
963 2303 1092 2355 ’ἀλλ’
1133 2303 1419 2368 ἀφαίρεςις.

217 2393 422 2456 βλέψον
463 2394 522 2444 δὲ
562 2391 709 2443 κάκεῖ
748 2392 938 2455 πάτερ·
978 2392 1102 2444 ῗςως
1143 2393 1246 2444 ἐςθ’
1287 2393 1465 2445 οὑτοςί

214 2481 386 2542 γεγὼς
425 2480 559 2544 ὑπὲρ
599 2480 749 2544 ἡμᾶς,
791 2482 874 2531 καὶ
913 2482 1134 2544 τραφεὶς
1176 2481 1233 2532 ἐν
1276 2481 1521 2544 ἐργάταις

71 2581 155 2620 105
219 2568 551 2634 ὑπερόψεται
592 2569 753 2630 ταῦτ’,
797 2569 870 2621 εἰς
911 2571 969 2620 δὲ
1009 2571 1105 2633 τὴν
1148 2569 1313 2621 αὑτοῦ
1355 2570 1511 2634 φύςιν

124 2712 258 2767 Wil.;
291 2714 368 2755 Ar.
402 2715 449 2756 et
479 2713 614 2756 Rich.
651 2713 945 2770 conjungunt
976 2715 1125 2767 λέγων
1159 2727 1262 2756 cum
1295 2716 1396 2768 ἥκω
1512 2714 1575 2756 99
1610 2714 1646 2757 ς’
1677 2714 1813 2757 inser.

126 2787 250 2841 Sud.‚
280 2788 325 2840 γ’
347 2787 445 2830 Lef.
541 2786 635 2831 102
669 2787 890 2830 Choerob.
916 2787 965 2829 in
990 2786 1139 2842 Heph.
1166 2802 1210 2842 p.
1231 2790 1315 2829 240
1343 2786 1473 2829 Cons.
1502 2809 1556 2822 =
1583 2787 1636 2829 fr.
1660 2790 1742 2829 180
1760 2786 1813 2828 Κ.

125 2863 212 2915 οὐχ
243 2887 298 2892 -
332 2862 569 2917 ἀφαίρεςις
691 2860 785 2904 103
825 2862 865 2904 δ’
905 2863 1043 2905 ἐκεῖςε
1092 2861 1296 2915 Leeuw.‚
1353 2863 1402 2904 δὲ
1445 2863 1590 2915 πάτερ
1640 2862 1814 2903 κάκεῑςε

124 2935 291 2990 Herm,
323 2935 404 2978 sed
437 2935 495 2979 cf.
520 2934 683 2988 White
717 2934 857 2978 Class.
893 2934 1010 2978 Phil.
1044 2934 1107 2977 IV
1142 2939 1223 2977 157
1361 2932 1455 2977 104
1488 2937 1636 2987 γεγώς
1668 2933 1811 2976 Head.

1489 3007 1547 3048 2*
