1980 3168
208 73 312 127 196
915 74 1175 119 ΠΕΡΙΝΘΙΑ

420 240 874 251 ................
886 206 1648 252 ΦΕΡΟΜΕΝΟΕΓΑΡΚΑΝΚΥΚΛΟ)

419 327 933 338 ..................
948 295 1303 347 ΡΤωΝΕΕΤΙΤΟ
1362 304 1365 311 “

350 454 412 499 23
443 455 521 499 hic
552 468 708 500 versus
740 455 933 500 ultimus
966 456 1211 501 columnae
1243 456 1388 502 fuisse
1419 457 1609 503 videbar
1705 431 1893 507 aeeedit

206 544 402 587 parvum
431 528 682 573 frustulum
713 530 869 574 neseio
902 544 992 587 quo
1025 530 1127 575 loco
1161 530 1418 578 abscissum
1448 533 1536 589 ’ΠΒ

609 871 994 943 Fragmenta
1033 838 1290 927 ali-unde
1329 878 1492 927 nota.

1029 1007 1074 1058 1.

380 1123 519 1176 ὅςτις
559 1126 889 1190 παραλαβὼν
930 1126 1192 1190 δεςπότην
1233 1125 1554 1191 ἀπράγμονα

381 1214 465 1265 καὶ
504 1214 716 1279 κουφὸν
756 1214 995 1283 ἐξαπατᾷ
1035 1214 1300 1279 θεράπων,
1341 1215 1439 1268 οὐκ
1479 1214 1579 1268 οἶδ’
1611 1214 1644 1267 ὅ
1683 1233 1732 1267 τι

382 1301 541 1354 οὗτος
581 1302 867 1367 μεγαλεῑόν
908 1303 1013 1355 ἐςτι
1052 1305 1531 1370 διαπεπραγμένος,

383 1391 821 1456 ἑπαβελτερώςας
860 1392 957 1444 τὸν
997 1391 1165 1444 πάλαι
1202 1392 1252 1455 γ’
1285 1391 1617 1458 ἀβέλτερον.’

351 1520 486 1565 Phot.
534 1520 684 1564 Berol.
733 1536 778 1578 p.
812 1526 861 1576 5,
917 1521 1045 1566 Suid.
1086 1536 1121 1565 s,
1163 1537 1201 1566 v.
1245 1525 1490 1579 ἀβέλτερος
1529 1545 1585 1560 =
1624 1522 1680 1566 fr.
1714 1526 1799 1567 393
1839 1522 1895 1567 K.

204 1596 406 1650 ἀνόητος
424 1596 653 1640 ἀςύνετος.
705 1597 979 1651 Μένανδρος
1002 1596 1225 1654 Περινθίᾳ
1247 1598 1338 1642 κτὲ.
1416 1594 1448 1640 4
1479 1611 1594 1642 ποτε
1620 1596 1730 1652 Sui.‚
1754 1598 1897 1642 πάλαι

203 1668 360 1722 ΡΙιοὺ.,
408 1669 453 1721 γ’
484 1668 684 1712 inseruit
724 1669 1056 1713 Reitzenstein.
1102 1696 1153 1701 -—
1194 1668 1315 1714 Davi
1352 1669 1494 1714 verba
1535 1673 1644 1714 sunt
1676 1671 1737 1714 ad
1775 1683 1897 1726 quae

203 1741 396 1798 respicit
427 1742 605 1786 Laches
637 1758 677 1786 v.
707 1747 760 1786 13
772 1757 873 1800 sqq.

1031 1835 1079 1887 2.

384 1951 659 2004 οὐπώποτ’
695 1952 930 2016 ἑζήλωςα
970 1956 1237 2019 πολυτελῆ
1278 1955 1492 2019 νεκρόν·

385 2040 457 2091 εἰς
496 2041 593 2093 τὸν
630 2040 746 2106 ἰ’ςον
786 2039 951 2103 ὄγκον
990 2047 1066 2111 τῷ
1107 2041 1297 2108 ςφόδρ’
1329 2043 1496 2108 ἕρχετ’
1532 2044 1746 2096 εὐτελεῖ.

356 2168 481 2213 Stob.
516 2170 634 2213 Flor.
672 2175 769 2226 123,
795 2175 820 2213 2
855 2193 910 2207 =
943 2170 998 2213 fr.
1025 2175 1110 2214 394
1137 2170 1188 2215 K.
1223 2173 1498 2227 Μενάνδρου
1531 2172 1790 2228 Περινθίας.

1031 2321 1079 2372 3.

916 2439 991 2491 ὅς’
1025 2440 1129 2492 ἕςτι
1170 2441 1377 2504 μαλακὰ
1418 2442 1694 2506 ςυλλαβών

387 2527 443 2577 ἐκ
482 2530 575 2589 τῆς
614 2527 827 2578 πόλεως
867 2527 935 2579 τὸΙ
971 2528 1199 2581 ςύνολον
1241 2529 1456 2592 ἐκπήοα,
1499 2530 1669 2595 φίλος.

356 2654 474 2698 Poll.
497 2655 539 2697 X
564 2660 617 2697 12
652 2677 706 2691 =
739 2656 793 2699 fr.
820 2660 905 2700 395
938 2657 991 2700 Κ.
1025 2659 1231 2702 ἐκαλεῖτο
1263 2660 1314 2703 δὲ
1343 2663 1492 2703 ταῦτα
1517 2660 1595 2708 (τὰ
1620 2660 1776 2715 ςκεύη)
1799 2660 1892 2703 ὑπὸ

208 2733 305 2771 τῶν
337 2731 581 2783 νεωτέρων
614 2732 686 2773 καὶ
722 2730 915 2784 μαλακά,
948 2730 1049 2774 οἷον
1082 2732 1460 2788 εὐμεταχείριςτα,
1495 2734 1560 2777 ὡς
1591 2734 1690 2777 εἶπε
1713 2733 1893 2777 Μέναν-

210 2803 318 2855 δρος
349 2803 399 2845 ἐν
421 2807 478 2858 τῇ
503 2803 725 2859 Περινθίᾳ
751 2805 842 2847 κτὲ.
939 2803 963 2846 1
999 2806 1023 2846 ὅ
1050 2806 1140 2848 ἑςτι
1165 2806 1372 2859 μαλακόν
1397 2805 1528 2849 codd.
1557 2818 1669 2848 corr.
1695 2804 1892 2861 Bentley

210 2873 238 2914 2
274 2875 405 2928 φίλος
430 2874 476 2926 C,
509 2880 681 2919 θᾶττον
713 2876 760 2919 Ρ.
