1980 3168
785 114 1231 160 ΠΕΡΙΚΕΙΡΟΜΕΝΗ

140 258 196 298 50
259 247 558 311 γινόμενον.
606 247 840 313 ἔρρωςθ’,
882 250 1116 314 εὐμενεῖς
1155 269 1212 303 τε
1252 253 1532 317 γενόμενοι

43 422 192 490 (Qu)

131 702 187 742 55

128 1148 183 1187 60

20 1223 185 1290 (Am.)

252 335 377 400 ἡμῖν
416 336 599 388 θεαταὶ
637 338 722 389 καὶ
760 338 827 388 τὰ
867 340 1030 391 λοιπὰ
1069 342 1273 408 ςῴζετε.

257 423 288 476 ὁ
328 425 556 489 ςοβαρὸς
592 424 716 489 ἡμῖν
757 425 950 490 ἀρτίως
990 429 1074 479 καὶ
1113 431 1412 493 πολεμικός,

253 512 288 579 ὁκ
324 514 419 566 τὰς
457 517 711 575 γυναῖκας
751 516 849 567 οὐκ
889 516 994 568 ἐῶν
1034 517 1176 580 ἔχειν
1215 519 1410 583 τρίχας,

251 602 399 655 κλάει
438 604 779 656 κατακλινείς.
827 605 1113 657 κατέλιπον
1153 607 1460 671 ποούμενον

251 690 465 755 ἄριςτον
506 692 687 744 αὐτοῖς
729 691 859 756 ἄρτι,
900 695 984 745 καὶ
1023 696 1336 759 ςυνηγμένοι

254 779 327 833 εἰς
365 781 566 833 ταύτόν
607 781 732 833 εἰςιν
772 781 823 833 οἱ
865 786 1119 847 ςυνηθεῑς,
1158 787 1255 836 τοῦ
1296 786 1481 849 φέρειν

249 869 415 921 αὐτὸν
454 870 517 921 τὸ
558 873 777 933 πρᾶγμα
817 870 984 934 ῥᾶιον.
1033 872 1131 924 οὐκ
1171 872 1310 935 ἔχων
1351 873 1395 924 δ’
1430 873 1578 925 ὅπως

246 957 498 1011 τάνταῦθ’
532 958 727 1027 ἀκούςῃ
768 959 1016 1023 γινόμεν’,
1059 961 1371 1025 ἐκπέπομφέ
1412 979 1472 1025 με

244 1046 453 1110 ἱμάτιον
494 1047 689 1100 οἴςοντ’
723 1049 1035 1111 ἐξεπίτηδες,
1078 1050 1206 1101 οὐδὲ
1246 1050 1303 1101 ἕν

247 1136 504 1200 δεόμενος
545 1135 662 1189 ἄλλ>
693 1137 724 1200 ἢ
765 1141 1076 1202 περιπατεῖν
1118 1155 1179 1202 με
1221 1139 1479 1202 βούλεται.

249 1225 356 1287 ἐγὼ
396 1225 714 1289 προςεςτῶς’
746 1225 951 1291 ὄψομαι
991 1228 1294 1291 κεκτημένη.

24 1310 174 1382 (Εω.)
235 1313 267 1377 ἡ
309 1314 505 1378 Δωρίς.
553 1313 642 1367 οἵα
681 1316 919 1376 γέγονεν,
962 1316 1035 1368 ὡς
1075 1315 1121 1367 δ’
1155 1316 1447 1380 ἐρρωμένη·

124 1592 179 1631 65

121 2038 176 2077 70

21 2200 171 2272 (ΔΟ.)

247 1406 402 1456 ζῶςιν
442 1405 649 1468 τρόπον
689 1404 799 1466 τίν’,
842 1404 914 1456 ὡς
956 1405 1070 1468 ἐμοὶ
1110 1406 1506 1469 καταφαίνεται,

246 1491 416 1544 αὗται.
464 1493 791 1556 πορεύςομαι
831 1494 903 1545 δέ.
963 1491 1125 1563 (Δω.)
1166 1494 1322 1556 κόψω
1364 1495 1460 1556 τὴν
1502 1496 1687 1558 θύραν·

246 1581 421 1633 οὐδεὶς
460 1581 561 1646 γὰρ
604 1582 784 1633 αὐτῶν
826 1582 962 1634 ἐςτιν
1004 1583 1120 1634 ἔξω.
1169 1584 1425 1645 δυςτυχής

241 1669 355 1733 ἥτις
396 1671 720 1735 ςτρατιώτην
762 1671 953 1735 ἔλαβεν
995 1671 1185 1734 ἄνδρα·
1225 1671 1526 1734 παράνομοι

242 1758 489 1821 ἅπαντες,
530 1760 691 1811 οὐδὲν
731 1761 930 1812 πιςτόν,
979 1760 1021 1811 ὦ
1062 1761 1347 1823 κεκτημένη

239 1848 312 1900 ὡς
354 1847 508 1900 ἄδικα
547 1848 777 1914 πάςχεις.
825 1852 1025 1900 παῖδες.
1075 1849 1494 1913 εὐφρανθήςεται

238 1937 506 1989 κλάουςαν
548 1937 715 2000 αὐτὴν
756 1938 1058 2002 πυθόμενος
1098 1941 1217 1989 νῦν·
1257 1940 1418 1988 τοῦτο
1460 1938 1558 1999 γάρ

239 2026 476 2090 ἐβούλετ’
510 2026 693 2078 αὐτός·
733 2027 961 2087 παιδίον,
1003 2026 1185 2077 κέλευέ
1226 2042 1310 2089 μοι

592 2119 760 2161 desunt
790 2132 948 2162 versus
982 2119 1076 2161 fere
1112 2122 1164 2161 70

234 2207 435 2264 παῖδες,
477 2203 742 2267 μεθύοντα
783 2203 1022 2267 μειράκια
1060 2203 1406 2266 προςέρχεται

234 2291 519 2355 πάμπολλ’.
575 2292 775 2344 ἐπαινῶ
818 2292 1094 2356 διαφόρως
1134 2291 1473 2353 κεκτημένην·

236 2380 357 2432 εἴςω
398 2382 533 2444 πρὸς
572 2380 708 2444 ἡμᾶς
748 2381 940 2441 εἰςάγει
980 2381 1075 2442 τὴν
1117 2380 1347 2443 μείρακα.

234 2469 377 2521 τοῦτ’
412 2469 516 2521 ἕςτι
557 2470 738 2533 μήτηρ.
787 2469 816 2521 ὁ
858 2470 1117 2532 τρόφιμος
1157 2468 1418 2530 ζητητέος.

1747 119 1850 172 103

145 2628 389 2672 ostiarium
405 2628 633 2685 Myrrines
656 2629 801 2685 loqui,
827 2628 1023 2672 eundem
1048 2629 1210 2682 postea
1235 2640 1339 2668 cum
1359 2626 1488 2669 Sosia
1514 2626 1699 2683 litigare
1726 2639 1824 2681 per-

149 2702 302 2758 spexit
316 2702 445 2757 Wil.,
469 2703 568 2746 eius
592 2716 761 2746 nomen
786 2702 930 2745 fuisse
949 2701 1182 2744 Donacem
1207 2700 1281 2756 (cf.
1308 2700 1408 2743 Ter.
1432 2699 1546 2742 Eun.
1568 2703 1664 2751 772,
1691 2698 1823 2755 Diog.

144 2776 222 2819 La.
239 2775 296 2831 V,
314 2778 386 2832 55)
411 2777 603 2832 propter
625 2779 783 2821 notam
807 2775 1113 2832 marginalem
1137 2789 1176 2817 v.
1199 2778 1280 2816 182
1307 2773 1557 2829 ascriptam
1590 2772 1764 2814 conieci

147 2849 331 2893 71-73
351 2852 397 2893 eb
417 2850 599 2894 75—76
616 2850 781 2894 Doridi
799 2849 879 2892 dat
895 2849 1071 2893 Leeuw.

142 2926 231 2979 τὴν
253 2923 421 2974 Hem„
447 2926 732 2979 κεκλημένην
749 2924 927 2966 Leeuw,

1139 2847 1197 2891 72
1216 2846 1551 2901 ςύμπολλἜθῇ,
1570 2849 1625 2899 δὴ
1646 2848 1823 2900 ςφόδρα

1017 2921 1073 2964 73
1099 2925 1219 2975 ἡμᾶς
1237 2921 1325 2963 Leo
1403 2918 1462 2963 74
1487 2922 1711 2974 τρόφιμος
1730 2919 1822 2961 Lef.

1839 2222 1949 2273 342)

1838 2473 1946 2522 345⁸)
