1974 3100
91 611 176 651 110

92 1055 175 1094 116

783 107 862 151 ΕΠ
865 107 1028 151 ΙΤΡΕΠ
1029 106 1211 151 ΟΝΤΕ(

240 242 402 308 ἐμβὰς
443 243 729 308 ἐλεύθερόν
769 261 816 295 τι
856 243 1102 307 τολμήεει
1141 245 1311 303 ποεῖν,

197 324 202 329 ’
239 334 408 396 θηρᾶν
448 332 686 394 λέοντας,
727 331 872 384 ὅπλα
913 331 1198 396 βαετάζειν,
1239 331 1448 396 τρέχειν

243 421 301 473 ἐν
342 419 527 483 ἀγῶει·
567 421 809 473 τεθέαεαι
848 420 1176 489 τραγῳδούς,
1218 419 1317 472 οἶδ’
1359 418 1455 482 ὅτι,

238 511 324 563 καὶ
362 513 532 563 ταῦτα
570 511 810 575 κατέχειε
849 510 1040 563 πάντα.
1099 509 1277 574 Νηλέα
1315 508 1434 561 τινά

238 598 443 651 Πελίαν
483 598 529 650 τ’
570 599 806 651 ἐκείνου(
847 598 968 663 εὗρε
1008 598 1302 663 πρεεβύτηε
1343 597 1476 663 ἀνήρ

239 686 479 750 αἰπόλος,
521 687 662 752 ἔχων
702 688 823 740 οἵαν
865 688 971 750 ἐγώ
1012 690 1109 739 νῦν
1150 687 1432 752 διφθέραν·

238 776 311 828 ὡ(
352 775 397 827 δ’
437 775 609 845 ᾔεθετ’
651 776 847 829 αὐτοὺς
888 775 1050 842 ὄντας
1090 776 1256 828 αὑτοῦ
1297 776 1618 840 κρείττονας,

238 865 380 927 λέγει
418 866 482 917 τὸ
522 865 733 931 πρᾶγμ’,
775 866 848 918 ὼε
873 865 1059 930 εὗρεν,
1100 866 1173 918 ὡς
1214 864 1476 917 ἀνείλετο·

238 953 406 1006 ἔδωκε
447 953 493 1006 δ’
535 955 717 1007 αὐτοῖς
756 955 1003 1019 πηρίδιον
1044 953 1440 1019 γνωριεμάτων,

240 1043 293 1096 ἐξ
334 1042 398 1095 οὗ
442 1045 701 1108 μαθόντε(
742 1044 919 1096 πάντα
958 1045 1025 1096 τὰ
1064 1043 1179 1095 καθ’
1221 1044 1416 1096 αὑτοῦ(
1457 1047 1642 1108 εαφῶε

240 1132 496 1194 ἐγένοντο
539 1136 763 1197 βαειλεῖε
805 1133 855 1185 οἱ
894 1132 1007 1185 τότ’
1046 1132 1200 1185 ὄντες
1235 1132 1463 1185 αἰπόλοι.

242 1220 285 1273 εἰ
326 1222 384 1273 δέ
425 1238 486 1283 γε
527 1223 709 1286 λαβὼν
751 1222 928 1274 ἐκεῖνα
968 1223 1120 1274 Δᾶοε
1160 1215 1412 1284 ἀπέδοτο,

240 1310 401 1362 αὐτὸ(
439 1310 530 1363 ἵνα
570 1311 842 1376 κερδάνειε
883 1311 1123 1375 δραχμὰς
1163 1311 1387 1372 δώδεκα,

240 1398 479 1462 ἀγνῶτες
521 1400 586 1453 ἂν
625 1401 722 1452 τὸν
762 1400 940 1453 πάντα
979 1400 1252 1452 διετέλουν
1293 1399 1494 1464 χρόνον

71 1501 154 1541 120
218 1489 268 1540 οἱ
307 1491 610 1553 τηλικοῦτοι
650 1491 735 1541 καὶ
773 1493 1010 1542 τοιοῦτοι
1050 1495 1125 1558 τῷ
1165 1490 1322 1552 γένει.

92 1946 175 1985 125

93 2391 176 2430 130

240 1578 305 1630 οὐ
347 1579 411 1642 δὴ
452 1581 628 1630 καλῶς
669 1578 777 1643 ἔχει
817 1579 879 1629 τὸ
921 1579 1016 1642 μὲν
1057 1577 1183 1641 (ὤμ’
1224 1578 1501 1643 ἐκτρέφειν

239 1667 330 1730 ἐμέ
368 1670 547 1729 τοῦτο,
590 1666 735 1735 [τὴ]ν
778 1667 859 1734 [δὲ
899 1666 1085 1736 τ]οὓδε
1125 1670 1218 1730 τῆς
1259 1667 1517 1731 εωτηρίαε

240 1756 431 1808 ἐλπίδα
470 1757 708 1821 λαβόντα
747 1758 904 1808 Δᾶον
946 1756 1198 1821 ἀφανίεαι
1238 1756 1420 1820 πάτερ.

238 1848 426 1909 γαμῶν
466 1844 710 1910 ἀδελφήν
750 1863 827 1897 τι(
868 1847 955 1897 διὰ
994 1846 1332 1910 γνωρίεματα

240 1934 443 1999 έπέεχε,
486 1934 665 1998 μητέρ’
706 1935 946 2000 ἐντυχὼν
989 1935 1262 1999 ἑρρύεατο,

239 2023 385 2076 ἔεωό
427 2023 685 2088 ἀδελφόν.
728 2022 840 2075 ὄντ’
881 2024 1144 2089 ἐπιεφαλῆ
1187 2024 1356 2089 φύεει

238 2113 335 2164 τὸν
378 2113 493 2177 βίον
535 2113 792 2165 ἁπάντων
832 2116 916 2176 τῆι
956 2114 1205 2177 προνοίαι
1246 2116 1327 2164 δεῖ
1365 2114 1532 2178 πάτερ

239 2205 432 2265 τηρεῖν,
474 2202 580 2266 πρὸ
621 2204 830 2254 πολλοῦ
871 2202 1022 2253 ταῦθ’
1063 2201 1255 2265 ὁρῶντ’
1298 2202 1351 2255 ἐξ
1393 2201 1469 2254 ὧν
1512 2203 1601 2255 ἔνι.

239 2289 355 2342 ἀλλ’
389 2289 639 2352 ,,ἀπόδοε,
682 2291 726 2342 εἰ
768 2291 881 2355 μή“,
922 2290 1058 2355 φής’,
1099 2290 1378 2354 ,,ἀρέεκει“.
1417 2295 1579 2344 τοῦτο
1620 2292 1721 2355 γάρ

240 2379 454 2443 ἰεχυρὸν
496 2378 663 2432 οἴεταί
702 2398 749 2431 τι
790 2381 925 2443 πρὸ(
966 2381 1027 2431 τὸ
1068 2379 1266 2445 πρᾶγμ’
1306 2380 1461 2443 ἔχειν.

1732 105 1835 171 21

149 2552 238 2596 Dio
278 2553 356 2595 LX
389 2558 444 2597 29
486 2576 541 2592 =
582 2568 696 2598 com.
739 2555 894 2610 adesp.
944 2555 997 2598 fr.
1041 2559 1127 2598 488
1173 2555 1225 2598 Κ.
1289 2559 1479 2610 βαειλεῖε
1533 2557 1749 2608 ἐγένοντο
1796 2556 1839 2599 οἱ

150 2629 255 2681 πρὶν
292 2630 425 2672 ὄντες
464 2628 646 2673 αἰπόλοι

769 2629 859 2672 117
908 2631 958 2673 δέ
996 2644 1049 2682 γε
1088 2629 1208 2684 Les,
1250 2631 1456 2684 ἐκλαβών
1490 2629 1568 2672 Bo.
1604 2629 1719 2671 Maz.

151 2699 245 2744 118
279 2703 421 2746 αὐτό(
454 2701 579 2746 Oroe.
612 2701 720 2746 Her.
747 2702 873 2757 wil„
914 2705 1043 2759 αὐτῷ
1078 2704 1148 2746 ’να
1180 2702 1328 2747 Head.
1364 2702 1467 2746 coll.
1497 2707 1594 2755 192,
1636 2706 1702 2757 δρ.
1735 2703 1764 2746 ἵ.
1799 2718 1836 2746 κ.

150 2775 280 2831 αὐτῷ
333 2774 477 2819 Hous.

150 2847 207 2891 fr.
235 2853 316 2892 181
352 2848 406 2893 K.
442 2851 485 2894 οἱ
511 2859 570 2882 “-
605 2853 726 2903 γένει

152 2923 202 2966 δὲ
232 2922 321 2975 τήν
351 2921 462 2967 Wss.

653 2775 748 2820 120
796 2775 1017 2820 Choerob.
1074 2777 1122 2819 in
1176 2777 1325 2832 Heph.
1382 2792 1426 2832 p.
1471 2780 1554 2819 194
1610 2775 1741 2819 Cous.
1783 2796 1837 2811 ---

870 2849 963 2893 122
1002 2854 1090 2905 τὴν
1133 2853 1183 2895 δὲ
1222 2848 1360 2895 τοῦδε
1401 2852 1502 2904 Ar.,
1541 2854 1646 2904 νῦν,
1692 2851 1837 2893 αὐτοῦ
