2032 3162
174 81 324 127 XVIII
850 79 1193 124 PRAEFATIO

174 220 361 270 Robert
385 221 436 269 et
453 219 643 269 Groiset
665 220 998 282 fragmentum
1014 219 1059 267 R
1077 212 1144 285 (v.
1164 213 1482 285 409—431)
1505 221 1658 270 inseri
1673 221 1864 283 volunt,

175 294 310 357 quod
334 294 626 351 Smicrinem
649 293 960 341 acerbissime
991 292 1051 340 de
1077 291 1299 342 Char-isio
1322 296 1704 355 conquerentem
1724 310 1862 344 mon-

175 370 315 418 strat.
373 367 470 416 Sed
510 383 810 430 quamquam
853 366 1064 416 concedo
1101 367 1369 416 frustulum
1407 367 1534 415 illud
1562 369 1644 417 vel
1672 370 1864 431 primae

176 443 256 491 vel
279 443 489 489 ultimae
514 440 854 503 quaternionis
879 440 1086 488 schedae
1108 441 1358 503 reliquum
1383 456 1486 490 esse
1508 456 1666 504 posse,
1696 444 1864 491 tamen

174 515 459 564 Arnimium
491 517 685 562 secutus
716 515 924 562 ultimae
953 514 1170 563 tribuere
1201 515 1359 564 malui
1387 515 1515 563 hanc
1547 515 1608 564 ob
1641 531 1864 564 causam:

176 588 437 638 Onesimus
468 606 515 638 v.
541 590 648 637 360
679 604 785 651 sqq.
817 589 1030 649 veretur,
1067 605 1129 637 ne
1161 587 1426 637 Smicrines
1468 590 1518 636 in
1551 590 1672 638 urbe
1703 591 1865 639 totam

174 680 280 712 rem
321 664 599 711 accuratius
631 662 945 724 compererit,
982 665 1033 710 in
1067 663 1348 726 fragmento
1379 663 1425 710 R
1457 666 1620 712 autem
1651 664 1732 712 hic
1761 665 1865 712 iam

177 739 343 786 omnia
385 737 507 785 scire
540 737 759 797 videtur,
797 738 873 784 ita
902 737 960 784 ut
988 738 1098 784 tum
1138 753 1250 784 eum
1281 739 1382 785 iam
1414 737 1618 786 rediisse
1652 754 1710 785 ex
1741 737 1864 786 urbe

177 811 443 859 admodum
466 810 724 872 probabile
749 810 828 858 sit.
867 811 927 858 In
945 812 1108 872 priore
1130 825 1306 858 scaena
1320 810 1602 872 Smicrines,
1625 813 1679 859 ni
1702 812 1864 872 fallor,

176 887 455 948 suspicatur
491 886 660 946 potius
699 901 848 946 quam
887 884 995 946 scit,
1037 901 1163 946 quae
1201 884 1255 932 in
1288 884 1502 933 Charisii
1540 885 1743 933 aedibus
1782 902 1863 949 ge-

173 962 363 1020 rantur,
388 961 437 1006 et
460 958 725 1020 soliloquio
750 958 921 1006 habito
948 959 1136 1007 frustra
1160 957 1446 1008 Onesimum
1477 959 1536 1007 de
1561 960 1630 1007 eis
1661 975 1865 1022 percon-

175 1034 324 1080 tatur.
374 1033 498 1079 Tum
524 1034 612 1080 aut
637 1031 850 1080 Charisii
881 1033 1024 1080 aedes
1054 1034 1228 1093 intrat,
1259 1035 1348 1081 aut
1377 1049 1512 1081 more
1545 1035 1730 1082 comico
1740 1026 1780 1100 1)
1811 1035 1866 1081 in

175 1106 347 1154 urbem
378 1105 623 1168 proficisci
654 1107 928 1168 constituit,
960 1109 1017 1154 ut
1048 1108 1232 1155 amicos
1264 1107 1323 1155 de
1353 1107 1439 1154 his.
1453 1107 1600 1156 rebus
1625 1107 1864 1156 consulat.

178 1179 275 1228 Sed
303 1180 425 1228 haec
457 1180 704 1244 ambigua,
735 1180 862 1228 illud
892 1196 1009 1229 vero
1041 1183 1228 1228 certum
1252 1180 1377 1228 mihi
1398 1181 1596 1230 videtur
1618 1183 1864 1245 fragmen-

176 1257 286 1301 tum
304 1254 747 1315 Petropolitanum,
765 1254 899 1316 quod
911 1254 1152 1303 Leeuwen
1168 1255 1298 1315 huic,
1316 1252 1479 1316 Oapps
1493 1248 1535 1320 2)
1554 1257 1604 1303 et
1622 1254 1812 1303 Groiset
1821 1249 1863 1321 3)

178 1329 326 1376 alteri
358 1328 614 1377 Smicrinis
646 1344 852 1376 scaenae
875 1328 1119 1390 tribuunt,
1153 1328 1214 1376 ab
1239 1328 1332 1377 hac
1355 1328 1528 1376 fabula
1552 1329 1751 1377 omnino
1776 1329 1865 1377 ali-

178 1418 324 1450 enum
356 1417 474 1464 esse,
513 1401 632 1450 licet
668 1403 827 1450 multa
864 1403 1020 1450 insint
1051 1403 1436 1465 Epitrepontum
1466 1403 1611 1451 rebus
1642 1403 1865 1465 persimi-

177 1476 261 1523 lia.
315 1476 458 1524 Hanc
500 1476 842 1538 quaestionem
889 1478 1167 1525 accuratius
1214 1479 1483 1525 tractemus
1529 1492 1725 1525 necesse
1769 1479 1864 1525 est:

178 1549 437 1611 Leeuwen,
472 1550 557 1611 qui
587 1551 775 1611 primus
805 1550 936 1598 inter
966 1550 1351 1613 Epitrepontum
1381 1550 1592 1598 editores
1624 1550 1865 1598 membra-

178 1639 293 1671 nam
318 1623 742 1685 Petropolitanam
766 1626 995 1686 respexit,
1021 1625 1229 1672 alteram
1255 1625 1412 1672 solam
1435 1626 1673 1687 paginam
1682 1618 1727 1691 4)
1751 1625 1867 1673 huic

179 1698 378 1746 fabulae
411 1697 617 1758 addixit,
651 1697 874 1746 Oroiseto
898 1698 1184 1760 plaudente,
1217 1700 1270 1745 at
1302 1714 1390 1746 suo
1415 1700 1522 1745 iure
1549 1697 1712 1761 Capps
1744 1699 1866 1746 alte-

179 1787 287 1819 ram
317 1772 554 1835 paginam
587 1771 647 1818 ab
681 1772 838 1819 altera
870 1787 1099 1835 separare
1131 1773 1306 1821 noluit.
1363 1772 1651 1835 Quicunque
1691 1772 1867 1820 folium

179 1845 422 1907 inspiciet,
448 1846 681 1893 concedet
704 1848 903 1894 omnino
927 1863 1027 1895 non
1049 1861 1193 1908 posse
1217 1846 1339 1907 fieri,
1362 1849 1420 1894 ut
1435 1862 1631 1895 versum
1660 1846 1866 1894 schedae

182 1920 434 1967 contineat
463 1935 633 1968 versus
665 1920 1062 1982 Epitrepontum,
1101 1923 1290 1968 rectum
1321 1935 1491 1968 versus
1523 1921 1688 1968 nescio
1726 1921 1866 1968 cuius

182 1993 483 2054 comoediae,
521 2009 637 2040 nam
677 1995 870 2041 somnia
902 1994 1148 2042 Theodori
1178 1994 1376 2056 Kockii,
1417 1996 1504 2056 qui
1545 1988 1668 2042 folia
1698 1993 1866 2042 Petro-

180 2066 405 2129 politana
449 2083 549 2115 non
596 2083 654 2116 ex
701 2068 866 2116 codice
905 2068 1165 2115 Menandri
1212 2068 1297 2117 sed
1338 2084 1363 2115 e
1394 2068 1636 2132 florilegio
1670 2070 1869 2129 sumpta

183 2155 287 2188 esse
320 2141 497 2188 acriter
543 2141 892 2202 contendebat,
939 2142 1040 2188 iam
1089 2141 1262 2205 agnita
1308 2144 1428 2190 nota
1468 2141 1635 2203 χοροῦ
1667 2156 1868 2204 prorsus

183 2214 425 2276 dissipata
468 2218 595 2262 sunt.
654 2215 788 2279 Ergo
823 2215 864 2262 si
895 2216 946 2262 in
978 2218 1088 2263 tota
1120 2215 1301 2263 scheda
1334 2215 1528 2277 aliquid
1557 2216 1702 2275 inest,
1735 2215 1868 2276 quod

184 2288 248 2335 ad
286 2288 637 2350 Epitrepontes
676 2305 774 2337 non
808 2288 1037 2350 quadret,
1076 2305 1138 2336 ne
1171 2290 1413 2338 alterutra
1446 2289 1645 2350 quidem
1682 2290 1868 2351 pagina

182 2361 298 2409 huic
329 2362 527 2410 fabulae
559 2363 709 2410 inseri
741 2365 919 2424 potest.
970 2363 1097 2411 Sunt
1128 2379 1245 2412 sane
1276 2364 1437 2411 multa
1470 2379 1597 2424 quae
1623 2362 1867 2423 quadrare

183 2436 427 2483 videntur.
460 2436 712 2484 Habemus
732 2435 1008 2484 Chai-isium
1029 2435 1093 2498 (v.
1109 2430 1201 2503 32)
1220 2437 1598 2497 adulescentem,
1618 2436 1702 2498 qui
1718 2451 1867 2483 uxore

186 2512 352 2571 spreta
382 2508 633 2558 fidicinam
664 2513 813 2571 amat,
855 2511 1093 2559 habemus
1125 2526 1347 2558 socerum
1381 2505 1450 2575 (v.
1479 2512 1543 2557 17
1551 2504 1585 2575 ),
1621 2510 1706 2571 qui
1738 2525 1868 2557 acer-

184 2583 385 2631 bissime
417 2586 713 2644 conquestus
745 2584 805 2631 de
836 2585 1003 2646 generi
1035 2584 1331 2644 vinolentia,
1369 2583 1598 2643 lascivia,
1632 2583 1867 2631 effusione

263 2711 304 2764 1)
338 2708 391 2751 cf,
429 2708 592 2765 Georg.
619 2714 674 2752 20
700 2724 789 2765 sq.;
823 2708 942 2752 Cith.
977 2715 1031 2753 49
1058 2724 1155 2766 sqq.

262 2770 304 2822 2)
335 2768 533 2812 Americ.
560 2768 752 2811 Journal
784 2768 837 2811 of
863 2768 1024 2824 philol.
1049 2769 1196 2812 XXIX
1229 2773 1315 2812 410
1341 2783 1439 2823 sqq.

262 2828 305 2881 3)
338 2826 493 2869 Revue
526 2826 606 2871 des
639 2827 800 2870 etudes
833 2840 1056 2883 grecques
1092 2832 1219 2882 1908,
1254 2832 1339 2871 294
1365 2841 1462 2882 sqq.
1525 2856 1527 2859 <

262 2889 305 2940 4)
338 2900 380 2940 p.
410 2890 491 2928 211
526 2900 564 2928 V.
593 2890 647 2928 23
674 2901 771 2942 sqq.
804 2886 942 2930 huius
975 2887 1208 2931 editionis.
