2032 3162
196 109 301 152 XIV
877 105 1218 150 PRAEFATIO

200 248 442 296 actionem
465 248 730 309 pertinent,
762 245 908 293 facile
940 245 1136 293 silentio
1168 246 1429 307 praeteriri
1459 246 1724 308 potuerint.
1757 247 1885 294 Tum

196 323 374 370 notatu
413 321 619 384 dignum
658 321 732 368 est
769 319 822 366 in
854 320 913 366 fi.
948 321 977 366 2
1012 318 1191 367 Herois
1225 334 1419 368 servum
1451 319 1696 381 quendam
1729 320 1883 369 domi-

197 411 289 443 nae
321 395 519 443 Amoris
550 393 825 457 potentiam
857 393 1168 454 praedicare,
1205 392 1259 439 id
1292 393 1424 455 quod
1454 395 1640 456 optime
1672 394 1886 456 quadrat

200 470 263 517 ad
295 469 491 517 Davum
524 467 721 517 fabulae
755 465 1013 514 Cairensis.
1054 466 1280 529 Denique
1310 467 1365 515 in
1393 468 1557 530 prima
1587 483 1765 517 scaena
1797 485 1883 516 au-

195 543 357 591 dimus
381 542 604 590 fabulam
625 557 754 602 rure,
782 541 837 588 in
858 556 989 604 pago
1013 540 1185 589 Ptelea
1209 542 1293 604 agi
1326 538 1393 604 (v.
1427 543 1492 589 21
1521 535 1633 609 sq.),
1670 542 1885 591 Heroem

196 618 316 665 item
349 617 432 681 agi
462 632 575 663 rure
608 632 632 661 e
664 615 723 662 fr.
759 616 828 662 10
860 614 1130 663 certissime
1163 615 1461 678 cognositur.

271 690 459 747 Quibus
491 691 550 738 de
590 690 749 737 causis
780 688 1015 736 Lefeburi
1047 690 1380 737 coniecturam
1411 690 1453 738 si
1483 705 1583 737 non
1614 692 1800 738 certam
1831 692 1885 738 at

193 768 299 813 tam
328 763 636 826 probabilem
670 778 773 811 esse
816 765 961 824 puto,
999 765 1056 810 ut
1079 763 1257 811 Herois
1295 779 1474 811 nomen
1503 763 1704 812 fabulae
1741 779 1883 827 prae-

196 838 405 887 scribere
418 854 517 886 non
531 837 874 885 dubitaverim.
905 837 1035 884 Nolo
1050 839 1215 885 autem
1228 838 1622 899 praetermittere
1637 838 1883 901 fragmen-

194 916 303 960 tum
328 911 368 960 O
395 928 423 959 a
439 911 700 960 Lefeburio
723 910 1011 972 rectissime,
1035 913 1092 958 ut
1113 911 1239 959 mihi
1263 911 1462 973 quidem
1481 911 1693 973 videtur,
1726 911 1884 960 eidem

194 987 392 1034 fabulae
439 986 686 1034 tributum
727 1001 853 1044 esse,
902 1000 1018 1032 nam
1059 987 1153 1033 etsi
1198 987 1248 1033 in
1290 985 1648 1033 Periciromene
1688 1001 1883 1047 quoque

194 1060 417 1122 Myrrina
440 1063 669 1108 matrona
691 1059 959 1120 invenitur,
974 1061 1144 1107 tamen
1171 1075 1241 1121 ea,
1261 1075 1389 1121 quae
1405 1075 1450 1107 v.
1479 1060 1545 1107 53
1558 1075 1663 1122 sqq.
1682 1059 1746 1107 ad
1761 1059 1881 1108 libe-

192 1149 360 1182 rorum
393 1135 724 1196 cognitionem
749 1132 1146 1195 praeparandam
1169 1134 1503 1195 proferuntur,
1534 1134 1737 1181 minime
1762 1149 1881 1196 qua-

197 1208 344 1255 drant
377 1208 439 1256 ad
469 1207 854 1256 Periciromenes
887 1209 1233 1270 cognitionem.

267 1282 342 1329 De
373 1282 572 1330 fabulae
607 1283 900 1344 argumento
926 1297 950 1328 e
975 1281 1138 1344 prima
1161 1297 1353 1343 scaena,
1387 1297 1444 1329 ex
1469 1284 1759 1345 argumento
1783 1298 1881 1330 me-

196 1356 348 1417 trico,
380 1372 438 1403 ex
469 1356 630 1403 indice
658 1371 980 1418 personarum
1003 1356 1124 1402 haec
1148 1355 1249 1403 fere
1279 1356 1532 1403 discimus:
1564 1355 1695 1403 Ante
1728 1371 1882 1404 annos

195 1430 466 1478 octodecim
498 1423 565 1494 (v.
594 1424 687 1496 53)
727 1429 949 1491 Myrrina
976 1429 1132 1492 2virgo
1164 1429 1481 1478 Atheniensis
1526 1446 1555 1477 a
1585 1429 1800 1478 Lachete
1832 1430 1883 1477 vi

195 1519 474 1566 compressa
514 1504 735 1566 geminos
775 1503 957 1552 liberos
991 1502 1226 1567 Gorgiam
1258 1505 1307 1550 et
1337 1503 1643 1567 Plangonem
1673 1503 1881 1566 peperit,

193 1580 367 1639 postea
390 1578 625 1626 violatori
647 1579 803 1626 inscio
826 1577 984 1626 inscia
1006 1579 1190 1640 nupsit.
1224 1576 1434 1625 Gemelli
1459 1593 1548 1639 per
1574 1576 1881 1637 Sophronam

192 1653 457 1712 nutricem,
489 1654 546 1700 ut
578 1652 797 1711 videtur,
845 1651 997 1699 Tibeo
1037 1652 1248 1713 pastori,
1289 1667 1430 1699 servo
1469 1653 1644 1712 postea
1685 1651 1881 1711 liberto,

192 1725 370 1773 traditi
394 1729 443 1774 et
468 1726 528 1774 ab
555 1742 611 1774 eo
637 1727 765 1774 clam
788 1724 1079 1787 parentibus
1105 1726 1302 1773 educati
1326 1719 1503 1791 sunt.1)
1537 1725 1717 1773 Tibeus
1735 1740 1880 1773 senex

196 1817 226 1847 a
258 1799 487 1860 Lachete,
519 1816 666 1862 quem
689 1800 958 1848 liberorum
989 1802 1185 1860 patrem
1215 1815 1317 1848 esse
1342 1798 1622 1862 ignorabat,
1645 1799 1879 1861 pecunias

194 1876 452 1922 mutuatus
484 1876 707 1922 moritur.
765 1873 905 1930 Quod
938 1872 1160 1920 debitum
1193 1889 1305 1922 cum
1335 1873 1538 1921 reddere
1568 1889 1669 1922 non
1698 1875 1878 1934 posset,

196 1946 405 2010 Gorgias
446 1964 556 1995 cum
603 1964 768 1996 sorore
809 1947 862 1994 in
893 1947 1121 1995 Lachetis
1155 1947 1352 1996 domum
1386 1947 1609 2008 transiit,
1649 1950 1707 1995 ut
1743 1946 1878 1995 labo·

193 2022 347 2069 rando
378 2023 639 2083 pecuniam
678 2015 1010 2088 pensitaret.²)
1056 2020 1288 2070 Condicio
1330 2021 1598 2070 liberorum
1641 2022 1693 2068 in
1734 2021 1879 2069 domo

191 2098 400 2156 paterna
432 2112 461 2143 a
493 2096 659 2144 servili
691 2095 853 2144 officio
884 2112 983 2143 non
1014 2095 1227 2142 multum
1260 2095 1452 2155 aberat,
1488 2096 1662 2156 itaque
1692 2095 1880 2142 factum

194 2172 291 2232 est,
338 2172 397 2217 ut
428 2169 596 2218 Davus
645 2185 812 2217 servus
858 2170 910 2216 in
957 2170 1225 2232 Plangom’s
1274 2186 1490 2217 amorem
1529 2169 1788 2228 incideret,
1826 2168 1879 2215 id

195 2243 327 2304 quod
357 2245 463 2305 ipse
496 2243 649 2292 Getae
675 2259 908 2292 conservo
932 2245 986 2291 in
1009 2245 1172 2305 prima
1195 2259 1372 2291 scaena
1397 2243 1701 2305 lepidissima
1723 2258 1878 2304 paene

194 2320 391 2365 coactus
437 2317 709 2365 confitetur.
775 2316 973 2364 Petenti
1020 2320 1066 2364 ei
1111 2318 1355 2380 virginem
1402 2317 1453 2363 in
1500 2316 1878 2364 contubernium

270 2445 311 2498 1)
352 2442 506 2485 Minus
554 2445 770 2486 accurate
817 2445 1141 2500 argumentum
1190 2442 1437 2486 metricum
1493 2441 1612 2485 dixit
1666 2443 1876 2486 ἔδωκεν

194 2504 427 2558 ἐπιτρόπῳ
458 2504 667 2557 τρέφειν,
701 2518 809 2545 nam
833 2502 1089 2558 Myrrinam
1121 2501 1373 2545 liberorum
1398 2501 1717 2544 condicionem
1744 2500 1877 2556 igno-

191 2574 318 2603 rasse
343 2575 398 2604 ex
424 2561 489 2605 eis
522 2575 641 2617 quae
667 2563 923 2616 sequuntur
947 2561 1235 2612 concludam,
1269 2560 1325 2604 cf.
1360 2574 1457 2616 arg.
1491 2563 1516 2603 9
1549 2561 1635 2604 οὐκ
1666 2559 1811 2604 εἰδυῖα
1836 2560 1878 2602 δ’

192 2622 221 2674 ή
258 2621 422 2675 μήτηρ.
486 2620 635 2663 Aliter
667 2621 723 2664 de
755 2621 843 2664 hac
875 2635 923 2664 re
954 2620 1135 2663 iudicat
1165 2620 1216 2662 E.
1250 2619 1470 2673 Menozzi,
1505 2618 1617 2662 Sull’
1652 2620 1796 2663 ΗΡΩΣ
1828 2618 1876 2660 di

192 2678 446 2722 Menandro
479 2694 522 2734 p.
551 2684 588 2722 9.

273 2740 315 2793 2)
349 2738 520 2781 Iterum
552 2738 880 2793 deprendimus
914 2738 1177 2794 argumenti
1209 2738 1443 2781 auctorem
1467 2738 1737 2793 nugantem,
1768 2751 1876 2779 nam

198 2797 321 2850 quod
349 2797 464 2839 dicit
490 2801 514 2840 3
538 2803 687 2841 ταῦτα
714 2797 755 2840 δ’
785 2799 981 2841 ὑπέθετο
1007 2800 1029 2840 ὁ
1055 2799 1245 2852 τρέφων
1276 2798 1393 2851 πρὸ(
1424 2797 1569 2840 αὐτὸν
1591 2795 1875 2853 (Lachetem)

194 2858 379 2909 ἀγνοῶν
418 2855 466 2898 id
511 2869 603 2898 non
644 2856 792 2899 solum
834 2858 994 2899 contra
1032 2855 1159 2912 leges
1199 2856 1382 2898 Atticas
1420 2855 1604 2910 peccat,
1646 2855 1727 2897 sed
1758 2854 1873 2897 Davi

194 2914 458 2957 narratione
491 2917 546 2971 (v.
577 2919 631 2957 32
665 2918 782 2970 sqq.)
814 2914 1060 2958 manifeste
1091 2914 1332 2957 refellitur.
