2032 3162
791 140 1132 188 PRAEFATIO
1605 144 1815 189 XXXVII

124 285 443 334 tribuendum
482 286 639 350 igitur
678 289 766 334 aut
802 285 1011 333 ultimae
1053 284 1257 333 schedae
1314 286 1422 331 eius
1462 285 1815 347 quaternionis,

125 361 264 408 cuius
294 360 416 407 folia
453 360 495 407 Ε
531 361 580 406 61
612 359 644 406 J
675 356 928 419 habemus,
970 360 1057 406 aut
1095 358 1338 406 secundae
1373 359 1712 419 quaternionis
1745 374 1815 407 se-

126 434 337 496 quentis.
400 432 533 481 Illud
564 434 608 482 si
638 434 887 496 ponimus,
920 434 1108 494 primus
1140 447 1310 480 versus
1343 425 1500 499 (301)
1543 432 1604 480 ab
1636 433 1815 482 ultimo

123 508 235 556 folii
279 508 320 555 E
354 500 513 574 (300)
561 507 717 555 distat
766 509 830 554 17
882 521 1067 567 versus,
1115 506 1200 554 sed
1238 506 1293 553 hi
1331 522 1430 554 non
1470 507 1724 555 sufficiunt
1754 508 1817 555 ad

125 582 292 630 omnia
320 580 610 642 inserenda,
667 596 793 643 quae
846 582 1038 628 interea
1091 581 1226 628 facta
1273 583 1401 642 sunt,
1447 580 1542 629 hoc
1588 583 1630 629 si
1675 597 1816 643 prae-

124 655 346 716 ferimus,
377 657 510 703 inter
539 657 755 718 primum
789 655 1058 719 fragmenti
1082 658 1131 702 et
1154 655 1386 701 ultimum
1419 654 1529 703 folii
1554 655 1594 702 Ε
1620 671 1817 703 versum

124 730 482 778 interciderunt
505 744 676 777 versus
701 729 804 777 fere
826 730 926 776 157
956 722 1090 794 (140
1110 731 1163 786 †
1186 722 1293 794 17),
1319 729 1524 776 ultimus
1549 729 1818 793 fragmenti

127 803 189 851 ab
220 803 399 852 ultimo
431 803 543 851 folii
573 804 614 850 E
648 819 792 852 versu
827 803 983 851 distat
1013 818 1182 850 versus
1214 803 1316 850 fere
1351 804 1473 862 210,
1514 803 1695 851 desunt
1725 804 1815 867 igi—

124 880 211 925 tur
239 879 370 924 inter
400 877 447 925 K
479 881 528 926 et
560 877 791 926 schedam
822 876 1129 938 Lipsiensem
1163 877 1265 925 fere
1301 879 1328 923 7
1363 892 1546 925 versus.

197 951 382 1014 Magna
414 952 503 1000 illa
532 952 712 1000 lacuna
745 950 1065 999 coniectando
1100 951 1286 1012 expleri
1318 967 1416 999 non
1447 953 1626 1012 potest,
1658 967 1818 1013 pauca

124 1041 150 1073 e
174 1026 492 1087 sequentibus
510 1025 799 1074 concludere
816 1040 1098 1088 possumus:
1125 1023 1333 1087 Glycera
1350 1025 1601 1087 Myrrinae
1621 1026 1818 1087 aperuit

124 1115 176 1149 se
205 1099 506 1148 Moschionis
549 1115 762 1148 sororem
806 1115 924 1158 esse,
967 1102 1074 1146 tum
1117 1102 1375 1147 matronae
1414 1101 1707 1160 perterritae
1739 1102 1816 1148 ius

122 1174 391 1222 iurandum
408 1174 546 1222 dedit
562 1189 613 1222 se
645 1174 831 1221 nemini
848 1173 1160 1235 prodituram
1186 1189 1303 1232 esse,
1329 1174 1573 1235 quomodo
1597 1174 1816 1222 Moschio

122 1248 175 1295 in
207 1249 458 1310 Myrrinae
484 1248 683 1296 domum
708 1247 900 1295 venerit
924 1241 1056 1312 (359
1070 1240 1215 1313 sqq.).
1263 1247 1373 1294 Iam
1396 1250 1557 1295 mater
1579 1250 1636 1295 ut
1659 1247 1818 1295 filium

124 1325 370 1370 averteret
409 1322 470 1369 ab
510 1324 701 1370 incestu
740 1322 938 1369 finxisse
971 1321 1167 1370 videtur
1199 1322 1354 1383 ipsius
1388 1337 1490 1369 esse
1523 1337 1632 1369 eam
1663 1322 1817 1370 filiam

124 1396 244 1444 olim
275 1396 561 1458 expositam.
619 1395 723 1443 Scit
748 1396 893 1457 enim,
927 1397 1122 1443 sirecte
1147 1413 1191 1443 v.
1214 1397 1318 1443 344
1334 1411 1438 1457 sqq.
1466 1397 1816 1457 supplevimus,

123 1470 341 1519 Moschio
376 1472 549 1532 postea
582 1468 843 1531 Glyceram
881 1484 985 1518 esse
1026 1485 1265 1530 sororem,
1312 1469 1470 1517 nescit
1501 1486 1550 1517 se
1583 1486 1682 1518 non
1715 1485 1817 1518 esse

123 1544 375 1606 Myrrinae
398 1543 570 1591 filium.
625 1543 890 1591 Praeterea
915 1543 1167 1605 Myrrinae
1199 1545 1435 1591 maritum
1467 1560 1582 1590 rure
1614 1545 1816 1592 rediisse

124 1619 320 1667 constat
352 1613 481 1682 (306
499 1614 608 1680 sq).

196 1692 255 1739 In
301 1692 570 1755 fragmenti
602 1691 646 1739 K
692 1691 878 1755 pagina
930 1693 1093 1754 priore
1135 1690 1398 1753 Glyceram
1445 1708 1555 1740 cum
1602 1692 1815 1740 Pataeco

124 1766 490 1828 colloquentem
533 1765 770 1813 videmus.
850 1765 946 1813 Hic
990 1781 1190 1827 quoque
1235 1768 1516 1828 suspicatus
1561 1769 1636 1815 est
1677 1767 1816 1814 illam

121 1843 327 1902 propter
378 1840 678 1888 Moschionis
733 1855 950 1887 amorem
1007 1839 1150 1887 aedes
1206 1839 1486 1888 Polemonis
1541 1841 1816 1902 reliquisse,

123 1930 272 1977 quam
305 1914 634 1977 suspicionem
666 1914 835 1976 puella
867 1914 1191 1962 disertissime
1232 1914 1418 1962 refellit
1458 1908 1815 1981 (301—314).

125 1987 221 2036 Sed
252 1988 315 2035 ad
346 1988 662 2036 Polemonem
693 1987 854 2035 redire
887 1987 1134 2036 obstinate
1166 1991 1375 2049 recusat,
1408 1989 1626 2036 nondum
1661 1988 1817 2037 oblita

124 2079 235 2110 eum
295 2063 540 2123 tanquam
603 2061 836 2110 ancillam
890 2063 1131 2110 tractasse
1190 2077 1264 2121 se,
1328 2062 1546 2123 puellam
1607 2062 1816 2110 liberam

124 2129 481 2202 (315—318).
536 2136 767 2184 Fortasse
790 2136 1039 2184 mentione
1073 2135 1258 2183 liberae
1292 2136 1495 2199 originis
1521 2137 1655 2184 facta
1687 2151 1815 2184 com-

123 2212 362 2272 movetur,
394 2212 451 2256 ut
484 2210 729 2257 cistellam
762 2210 1053 2272 crepundias
1088 2225 1201 2258 suas
1234 2210 1567 2258 continentem
1592 2210 1815 2258 Polemo-

122 2285 199 2333 nis
232 2300 288 2332 ex
321 2283 523 2332 aedibus
557 2285 812 2346 apportari
844 2286 1024 2345 cupiat.
1075 2284 1236 2347 Aegre
1269 2299 1298 2331 a
1322 2283 1536 2332 Pataeco
1562 2285 1815 2346 impetrat,

122 2361 181 2406 ut
224 2358 267 2405 is
316 2357 551 2406 Doridem
614 2361 850 2419 arcessat,
908 2374 1031 2418 quae
1089 2359 1332 2405 cistellam
1389 2358 1561 2405 afferre
1616 2358 1816 2406 iubetur

124 2425 442 2496 (320—-335
475 2470 482 2477 .

200 2504 404 2553 Cistella
437 2426 612 2567 gperta
643 2504 885 2553 Pataecus
920 2521 1035 2553 suae
1067 2506 1232 2552 uxoris
1266 2508 1556 2553 ornamenta
1589 2506 1815 2568 agnoscit

125 2580 175 2625 et
214 2579 493 2640 quaerendo
532 2594 649 2628 mox
688 2579 783 2627 sibi
822 2579 1101 2641 persuadet,
1142 2577 1402 2640 Glyceram
1441 2597 1493 2626 re
1526 2596 1643 2627 vera
1675 2594 1812 2626 suam

124 2651 279 2700 filiam
312 2668 415 2701 esse
447 2647 578 2719 (338
593 2646 736 2718 sqq).
806 2653 1026 2700 Moschio
1063 2654 1149 2714 qui
1179 2652 1368 2701 invisus
1403 2653 1463 2701 ab
1506 2655 1574 2701 eis
1616 2653 1815 2699 illorum

126 2741 369 2774 sermones
395 2727 658 2788 auscultat,
682 2728 841 2791 magis
866 2727 1123 2789 magisque
1151 2727 1518 2788 comprehendit
1543 2742 1591 2773 se
1619 2742 1814 2787 quoque

124 2798 327 2848 Pataeci
365 2815 467 2848 esse
506 2799 677 2847 filium.
743 2799 865 2847 Cum
907 2817 1020 2848 vero
1063 2799 1272 2862 Glycera
1309 2802 1415 2847 iure
1455 2800 1662 2847 iurando
1703 2816 1809 2862 pro—

124 2873 285 2921 hibita
334 2873 392 2922 de
424 2874 594 2922 fratris
635 2874 835 2937 gemelli
875 2877 1005 2922 sorte
1053 2876 1185 2935 patri
1231 2875 1356 2921 nihil
1403 2875 1594 2935 aperire
1643 2876 1812 2935 possit,

124 2946 345 2995 Moschio
378 2948 483 3008 ipse
515 2948 710 3009 proruit
741 2941 1015 3014 (394300.)
1058 2952 1105 2995 61
1148 2949 1450 3010 agnitionem
1492 2950 1812 2997 consummat.
