1974 3100
161 70 350 114 XLVIII
839 71 1178 116 PRAEFATIO

162 211 322 259 multo
353 211 504 260 latior
535 215 584 259 et
616 211 863 259 audacior.
926 211 1096 260 Davus
1109 205 1151 278 l)
1183 214 1240 259 ut
1271 211 1459 260 domini
1481 214 1698 262 furorem
1729 215 1847 262 effu-

161 287 300 348 geret
332 302 469 332 aram
508 285 805 346 conscendit,
848 285 933 338 sed
965 285 1152 334 Laches
1195 287 1353 335 iratus
1395 288 1448 335 vi
1478 287 1688 336 Volcani
1737 304 1849 337 eum

163 360 221 406 de
266 360 458 422 refugio
480 359 742 421 'depellere
783 353 1049 426 conatur.²)
1110 360 1220 408 Iam
1258 375 1316 406 ex
1365 361 1564 409 aedibus
1598 365 1847 411 sarmenta

160 434 211 480 et
240 433 399 480 facem
431 435 679 495 apportat,
718 433 887 482 Davus
917 434 1104 481 frustra
1136 449 1394 483 conservos
1426 435 1676 497 implorat,
1709 438 1766 483 ut
1796 452 1847 485 se

160 507 395 570 aufugere
420 509 586 555 sinant
610 501 856 573 (1—10).
913 506 1184 556 Sarmentis
1224 524 1338 557 arae
1379 509 1710 571 circumdatis,
1741 510 1846 559 face

159 582 359 629 incensa
391 596 535 629 senex
566 597 762 629 servum
792 581 1071 629 maleficum
1100 582 1360 630 insolentis
1398 584 1684 631 iactationis
1717 600 1847 632 com-

159 656 441 715 monefacit,
472 671 570 716 qua
602 657 750 703 antea
780 655 1033 703 dominum
1055 656 1280 704 illuserat
1304 649 1586 723 (lo—16).
1640 658 1847 706 Frustra

159 728 328 777 Davus
354 744 404 776 86
427 745 643 793 purgare
667 729 850 790 studet,
873 731 975 777 iam
998 729 1187 778 Laches
1213 730 1414 778 accendi
1438 734 1686 779 sarmenta
1708 731 1847 779 iubet

159 796 294 869 (20).
374 802 560 859 Quibus
608 819 666 851 ex
712 803 953 867 angustiis
1000 804 1150 865 paulo
1211 806 1325 865 post
1377 805 1574 853 Davum
1629 805 1846 854 adventu

158 877 368 938 hospitis
410 877 653 925 Perinthii
694 877 961 925 liberatum
1003 892 1107 926 esse
1145 878 1465 926 manifestum
1508 882 1596 926 est.
1658 879 1845 927 Iterum

157 950 393 998 habemus
425 967 652 1000 scaenam
675 951 959 999 Perinthiae
991 953 1229 1000 lascivam
1258 954 1311 999 in
1334 953 1526 1000 Andria
1550 956 1600 1000 et
1623 954 1847 1002 decurta-

155 1026 262 1071 tam
301 1031 350 1072 et
379 1025 676 1088 mitigatam.
729 1025 839 1073 Iam
870 1027 1065 1086 scimus,
1106 1027 1352 1087 quomodo
1386 1027 1529 1075 stilus
1561 1027 1844 1076 Perinthiae

157 1114 189 1145 a
235 1099 503 1148 Menandro
559 1099 869 1147 adulescente
931 1102 1233 1162 compositae
1286 1101 1482 1148 differat
1536 1101 1596 1149 ab
1657 1101 1844 1148 Andria

155 1175 331 1234 poetae
362 1174 585 1221 senioris.

430 1321 519 1368 DE
552 1320 949 1370 MEMBRANIS
981 1320 1571 1400 PEJTROPOLITANIS.

233 1425 448 1473 Schedae
471 1427 586 1487 tres,
612 1441 737 1486 quae
761 1425 813 1472 in
837 1426 930 1473 hac
954 1426 1170 1474 editione
1196 1441 1374 1488 agmen
1397 1425 1648 1488 claudunt,
1680 1427 1843 1475 varios

155 1514 297 1546 casus
328 1493 700 1565 pertulerunt-⁹²)
747 1499 941 1547 Primus
977 1499 1330 1549 Constantinus
1364 1500 1689 1548 Tischendorf
1715 1515 1843 1549 anno

159 1574 300 1621 1844
319 1589 400 1621 668
424 1575 477 1621 111
500 1574 797 1621 monasterio
824 1573 1064 1622 Sinaitico
1090 1573 1299 1622 Sanctae
1327 1573 1622 1622 Gatharinae
1653 1575 1845 1622 invenit

154 1646 336 1695 codicis
368 1648 576 1695 alicuius
607 1650 893 1711 tegumento
931 1647 1005 1695 ita
1027 1648 1371 1710 inglutinatas‚
1403 1651 1459 1695 ut
1489 1651 1623 1695 recta
1647 1650 1844 1695 tantum

155 1721 362 1769 schedae
400 1723 590 1783 primae
632 1724 681 1768 et
719 1722 958 1769 secundae
997 1722 1237 1783 inspicere
1277 1724 1326 1769 et
1358 1722 1630 1770 describere
1661 1724 1840 1783 posset.

154 1794 273 1843 Plus
316 1797 528 1859 triginta
571 1797 712 1843 annis
753 1798 868 1856 post
902 1789 1111 1844 Cobetus
1145 1796 1478 1844 Tischendorfi
1523 1794 1843 1859 apographon

153 1871 206 1915 in
250 1869 592 1931 Mnemosyncs
634 1870 729 1917 vol.
767 1869 840 1916 IV
885 1871 988 1918 286
1006 1885 1111 1932 sqq.
1153 1869 1321 1930 edidit,
1364 1869 1597 1933 ignorans
1640 1870 1841 1917 schedas

154 1959 323 1991 omnes
361 1945 463 1990 iam
507 1960 634 1991 anno
683 1945 821 1991 1855
869 1960 897 1990 a
940 1943 1216 2006 Porphyrio
1260 1943 1506 2005 Uspenski
1565 1943 1743 1991 iterum
1786 1944 1840 1991 in

152 2018 452 2065 monasterio
483 2020 716 2079 repertas,
751 2033 775 2064 6
800 2018 916 2065 libri
939 2020 1224 2080 tegumento
1250 2018 1511 2077 exsolutas‚
1536 2017 1588 2064 in
1612 2017 1842 2065 Russiam

152 2092 420 2139 translatas
477 2107 592 2139 esse.
665 2092 740 2138 Ex
779 2091 1047 2153 Uspenskii
1094 2092 1380 2139 collectione
1428 2091 1841 2154 palaeographica

154 2179 283 2211 anno
306 2166 445 2213 1883
463 2167 517 2212 in
539 2165 891 2213 bibliothecam
914 2166 1223 2227 imperialem
1240 2165 1665 2226 Petropolitanam
1681 2166 1841 2212 trans-

153 2238 332 2299 ierunt,
378 2239 465 2286 ubi
510 2255 711 2286 numero
761 2237 929 2287 Graec.
972 2238 1395 2286 OOCLXXXVIII
1441 2241 1664 2301 signatae
1708 2241 1838 2285 sunt.

155 2312 281 2358 Tum
306 2313 489 2374 optime
516 2313 575 2359 de
600 2315 668 2360 eis
692 2313 873 2359 meruit
888 2312 1140 2360 Victorius
1158 2313 1426 2373 Jernstedt,
1453 2314 1539 2373 qui
1562 2327 1643 2359 668
1669 2312 1838 2359 addito

155 2388 505 2433 commentario
553 2386 755 2434 Russico
801 2402 928 2434 anno
967 2388 1102 2434 1891
1151 2388 1203 2433 111
1248 2389 1469 2433 actorum
1499 2386 1838 2434 universitatis

154 2458 556 2521 Petropolitanae
587 2460 700 2508 hist.
731 2461 852 2521 phil.
885 2461 979 2508 vol.
1013 2461 1177 2507 XXVI
1216 2460 1382 2507 edidit.
1457 2459 1710 2507 Jernstedt
1740 2475 1839 2507 non

230 2585 271 2638 1)
305 2584 630 2629 Animadverte
678 2599 850 2640 quaeso
894 2586 1162 2629 Terentium
1201 2586 1317 2628 Davi
1363 2598 1531 2628 nomen
1574 2585 1836 2638 retinuisse,

153 2643 279 2685 idem
305 2643 416 2687 fecit
439 2645 487 2686 in
513 2644 708 2700 Hecyra,
734 2645 789 2688 cf.
818 2645 1131 2701 fragmentum
1156 2644 1367 2700 Hecyrae
1392 2644 1665 2699 Apollodori
1689 2657 1839 2699 nuper

154 2716 178 2744 6
212 2702 369 2745 codice
403 2702 629 2760 Chigiano
662 2720 689 2747 a
720 2704 962 2746 Warrenio
996 2703 1191 2747 allatum
1224 2703 1381 2760 (Class.
1415 2703 1639 2757 Philol.1‚
1667 2705 1752 2758 43).

230 2761 272 2811 2)
306 2762 362 2804 cf.
394 2762 545 2806 Plaut.
572 2764 689 2807 Rud.
725 2767 808 2805 760
821 2777 918 2818 sqq.

230 2821 273 2875 3)
304 2820 377 2862 Ad
409 2834 564 2864 earum
597 2822 842 2865 historiam
874 2822 1180 2864 enarrandam
1211 2821 1316 2864 usui
1347 2820 1463 2863 mihi
1503 2823 1603 2863 erat
1634 2819 1835 2875 epistula

154 2891 275 2920 anno
313 2884 423 2922 1897
459 2894 486 2923 a
517 2880 724 2925 Victorio
757 2880 995 2923 Jernstedt
1027 2880 1223 2936 Georgio
1258 2879 1425 2924 Kaibel
1457 2879 1611 2922 missa.
