2032 3162
184 120 293 164 XVI
864 116 1205 161 PRAEFATIO

184 277 320 308 mum
353 261 440 307 aut
462 259 668 306 tertium
699 257 1041 319 quaternionis
1072 256 1226 305 fuisse
1258 259 1468 319 constat,
1501 260 1554 306 at
1585 258 1625 306 si
1654 259 1874 321 primum

185 334 340 382 fuisse
371 333 623 394 ponimus,
660 332 793 378 inter
829 346 874 379 v.
916 331 1021 378 431
1065 333 1115 378 et
1146 332 1252 379 432
1294 331 1474 380 desunt
1510 334 1660 394 pauci
1690 348 1875 394 versus,

185 407 318 455 inter
346 423 391 455 v.
426 406 529 454 501
565 408 615 453 et
649 406 755 454 520
786 404 1037 452 inserendi
1075 407 1191 453 sunt
1227 419 1398 454 versus
1441 407 1544 454 fere
1577 407 1720 467 420,
1743 406 1875 468 quod

184 483 452 542 utrumque
478 479 539 527 ab
572 479 707 527 omni
737 477 1092 541 probabilitate
1124 478 1367 528 abhorret.
1418 480 1552 543 Ergo
1583 482 1793 528 tertium
1821 481 1875 527 in

185 555 511 617 quaternione
551 554 714 600 locum
751 552 831 600 illi
868 551 990 601 folio
1031 552 1334 601 confidenter
1362 553 1642 613 tribuimus,
1686 569 1744 602 ex
1775 570 1874 616 quo

186 630 422 690 sequitur,
467 629 526 674 ut
558 626 761 674 alterius
810 626 1148 688 quaternionis
1187 627 1333 675 initio
1381 629 1512 676 circa
1557 629 1663 676 140
1704 643 1874 677 versus

185 703 361 751 desint.
401 702 576 749 Restat
605 703 664 748 ut
694 700 956 748 schedulae
981 698 1021 757 Q
1053 701 1215 749 locum
1248 703 1525 750 accuratius
1564 702 1874 750 definiamus.

186 776 240 825 Si
269 776 446 824 folium
475 775 525 822 H
554 775 759 822 tertium
791 774 1131 836 quaternionis
1163 777 1251 836 est,
1281 777 1414 823 inter
1444 777 1548 824 eius
1578 777 1794 838 priorem
1825 778 1878 824 et

185 851 394 899 alteram
424 851 661 912 paginam
692 865 845 896 unum
876 849 1048 896 folium
1063 887 1075 910 ,
1108 849 1239 911 quod
1269 849 1448 911 incipit
1479 866 1508 898 a
1535 865 1692 910 verso,
1724 850 1872 898 deest.

186 924 327 981 Quod
358 925 402 971 si
431 925 768 986 fragmentum
799 921 854 983 Q,
887 922 1020 984 quod
1053 923 1114 971 ab
1151 923 1386 972 inferiore
1422 926 1566 985 parte
1596 925 1875 987 marginem

184 998 397 1058 exhibet,
429 997 632 1045 alterius
665 996 870 1045 schedae
908 997 1046 1044 illius
1086 997 1196 1044 folii
1234 1000 1382 1059 esset,
1420 998 1552 1046 inter
1593 998 1700 1046 eius
1733 999 1872 1061 pagi-

184 1089 298 1120 nam
331 1087 525 1119 versam
556 1064 670 1137 (Q2)
709 1074 759 1119 et
789 1072 1024 1133 paginam
1055 1072 1258 1119 tertiam
1288 1071 1398 1120 folii
1429 1071 1478 1119 H
1509 1073 1708 1119 omnino
1747 1071 1873 1119 nihil

184 1146 387 1195 deesset.
428 1145 499 1193 At
529 1145 690 1207 primo
723 1145 902 1194 obtutu
933 1148 1144 1207 apparet
1174 1146 1264 1194 has
1296 1140 1505 1210 paginas
1548 1146 1686 1194 nullo
1726 1145 1872 1194 modo

186 1220 460 1281 cohaerere,
485 1236 601 1282 ergo
626 1219 959 1283 fragmentum
984 1217 1023 1275 Q
1049 1219 1319 1268 certissime
1343 1220 1500 1281 priori
1525 1220 1730 1268 schedae
1763 1221 1874 1268 folii

183 1294 336 1342 medii
366 1293 708 1355 quaternionis
740 1293 945 1341 alterius
977 1292 1226 1341 tribuitur.

258 1368 421 1415 Minus
454 1370 584 1415 certe
622 1369 777 1415 totius
815 1366 1016 1415 fabulae
1050 1367 1268 1416 ambitus
1301 1369 1635 1415 enumeratur.
1683 1366 1871 1429 Oppor-

183 1445 301 1490 tune
344 1441 538 1502 accidit,
579 1441 710 1502 quod
750 1441 1004 1489 comoedia
1044 1443 1098 1488 in
1138 1443 1367 1490 extremis
1408 1442 1519 1490 folii
1564 1441 1613 1488 H
1651 1441 1873 1490 versibus

183 1518 285 1563 tam
321 1516 581 1563 manifeste
615 1515 678 1563 ad
710 1515 896 1562 exitum
926 1518 1184 1578 properat,
1215 1518 1273 1563 ut
1302 1531 1484 1578 paucos
1517 1530 1709 1575 versus,
1749 1530 1873 1577 quos

183 1591 237 1637 in
261 1590 591 1651 computando
623 1590 874 1653 negligere
906 1590 1031 1637 mihi
1061 1590 1225 1651 liceat,
1258 1590 1424 1638 deesse
1449 1589 1717 1637 videamus.
1749 1589 1872 1637 Inde

184 1680 216 1711 a
252 1665 413 1725 primo
455 1665 649 1712 servato
681 1679 828 1713 versu
859 1663 1197 1725 quaternionis
1236 1665 1417 1725 prioris
1456 1679 1612 1725 usque
1653 1663 1715 1711 ad
1755 1664 1870 1710 ulti-

183 1754 320 1785 mum
343 1738 454 1786 folii
475 1738 524 1784 H
547 1739 600 1785 in
626 1737 790 1787 codice
814 1739 1011 1786 inerant
1030 1753 1198 1786 versus
1223 1739 1324 1786 fere
1351 1739 1458 1786 490
1478 1740 1531 1795 -1-
1551 1739 1658 1785 420
1673 1759 1729 1775 =
1750 1738 1870 1785 910.

184 1811 293 1859 Hoc
324 1812 523 1873 quidem
563 1814 750 1860 certum
790 1813 885 1872 est,
940 1814 993 1859 at
1033 1814 1154 1873 quot
1192 1826 1362 1860 versus
1399 1811 1545 1859 initio
1590 1810 1872 1862 comoediae

183 1887 422 1947 perierint
452 1902 550 1934 non
584 1888 793 1946 constat,
835 1885 888 1932 id
926 1903 1080 1933 unum
1119 1885 1455 1934 contenderim
1497 1886 1663 1947 plures
1705 1886 1870 1933 deesse

185 1975 339 2020 quam
372 1960 440 2008 50
471 1960 600 2021 illos,
633 1973 757 2021 quos
791 1960 973 2008 amissa
1003 1961 1165 2022 prima
1189 1959 1528 2022 quaternionis
1554 1959 1732 2007 scheda
1759 1975 1870 2007 con-

183 2027 438 2098 tinebat.1)
480 2031 766 2095 Occupabat
781 2034 938 2097 igitur
954 2034 1207 2082 comoedia
1224 2035 1563 2095 quaternionis
1580 2033 1870 2081 anteceden-

182 2107 249 2154 tis
280 2107 361 2155 vel
390 2123 542 2154 unam
572 2108 652 2155 vel
683 2107 806 2156 duas
830 2107 1047 2168 schedas,
1078 2108 1170 2156 hoc
1201 2110 1244 2157 si
1277 2108 1457 2169 probas
1480 2109 1588 2155 tota
1618 2106 1870 2155 comoedia

183 2182 285 2229 fere
320 2182 462 2229 1100
485 2197 670 2243 versus,
702 2183 744 2230 si
774 2182 900 2229 illud
931 2182 1150 2244 praefers
1182 2183 1283 2229 fere
1319 2182 1459 2230 1030
1491 2180 1797 2229 numerabat.

259 2255 338 2301 Ad
375 2255 735 2302 restituendam
774 2256 997 2303 fabulam
1035 2256 1146 2303 usui
1185 2257 1301 2303 sunt
1345 2256 1626 2318 fragmenta
1671 2254 1868 2302 aliunde

184 2332 318 2388 nota,
351 2344 562 2390 quorum
596 2331 660 2376 13
695 2331 748 2376 in
779 2345 968 2391 papyro
1001 2330 1248 2392 leguntur,
1286 2332 1352 2378 10
1384 2328 1673 2392 legebantur
1711 2330 1764 2375 in
1796 2328 1867 2375 fo·

183 2402 266 2450 liis
299 2403 505 2451 amissis.
546 2403 713 2450 Etiam
743 2404 945 2452 maioris
984 2404 1135 2464 pretii
1166 2406 1297 2451 esset
1335 2403 1670 2465 fragmentum
1701 2401 1868 2449 Petro-

183 2469 533 2541 politanum2)‚
581 2477 623 2524 si
660 2477 711 2523 id
758 2479 889 2525 recte
935 2477 1032 2525 viri
1070 2477 1205 2525 docti
1248 2477 1366 2524 huic
1412 2475 1691 2524 comoediae
1731 2475 1868 2522 adiu-

185 2550 444 2609 dicassent,
477 2552 530 2597 at
559 2566 670 2598 mea
703 2551 903 2611 quidem
926 2553 1171 2599 sententia
1203 2551 1264 2598 ab
1298 2549 1705 2611 Epitrepontibus
1751 2550 1867 2596 alie-

185 2641 303 2670 num
335 2626 422 2683 est,
454 2627 510 2671 ut
541 2624 670 2671 infra
700 2625 857 2671 fusius
891 2625 1249 2673 demonstrabo.
1861 2635 1863 2637 ’

263 2752 304 2805 1)
338 2751 522 2806 Reputa
554 2764 727 2804 quaeso
766 2750 815 2792 in
854 2750 1005 2805 prima
1045 2750 1209 2793 Herois
1247 2750 1424 2806 pagina
1471 2748 1685 2803 titulum,
1730 2762 1868 2804 argu—

185 2810 415 2862 mentum,
462 2809 666 2852 indicem
713 2823 1015 2865 personarum
1058 2810 1226 2866 viginti
1273 2810 1367 2852 fere
1408 2822 1622 2852 versuum
1662 2807 1867 2863 spatium

186 2881 506 2982 occgpl'iiehac
539 2927 743 2970 editione
775 2927 1088 2982 fragmentum
1119 2928 1348 2970 incertum
1378 2927 1432 2980 II,
1465 2942 1508 2982 p.
1537 2930 1620 2969 207
1639 2940 1739 2981 sqq.

1992 0 2032 254 l

2022 259 2032 395 ι
