1980 3168
752 126 1197 170 ΠΕΡΙΚΕΙΡΟΜΕΝΗ
1715 127 1815 179 101

224 260 444 326 ἐπρίατο
485 260 683 324 ταύτην
724 260 754 312 ὁ
795 262 1114 325 ςτρατιώτης
1155 262 1219 314 οὐ
1260 262 1443 314 πάλαι·

224 350 282 402 ἐν
321 350 582 412 γειτόνων
624 348 670 401 δ’
703 348 918 401 οἰκοῡςα
956 349 1230 415 τάδελφοῦ
1269 352 1332 402 τὸ
1374 352 1467 413 μέν

222 437 419 503 πρᾶγμ’
452 438 517 490 οὐ
558 438 824 502 μεμήνυκ’,
867 437 982 490 οὐδ’
1017 438 1222 491 ἐκεῖνον
1266 440 1524 503 βούλεται,

225 526 358 585 εἶναι
399 530 666 579 δοκοῦντα
705 527 964 591 λαμπρόν,
1007 526 1079 579 εἰς
1120 530 1456 592 μεταλλαγήν

108 627 164 666 30
229 614 466 677 ἀγαγεῖν,
507 614 725 667 ὄναςθαι
767 615 811 666 δ’
846 614 923 666 ὧν
963 617 1196 668 δέδωκεν
1236 616 1266 679 ἡ
1308 617 1467 681 Τύχη.

225 703 334 756 ἀπὸ
374 704 713 768 ταύτομάτου
754 703 801 755 δ’
834 703 1039 768 ὀφθεῑς’
1072 703 1162 756 ὑπ’
1195 706 1360 757 αὐτοῦ
1402 708 1740 770 θραςυτέρου,

224 792 400 857 ὥςπερ
441 792 726 856 προείρηκ’,
768 791 941 854 ὄντος,
982 793 1242 856 ἐπιμελῶς
1281 793 1325 844 τ’
1359 794 1438 845 ἀεί

225 885 529 946 φοιτῶντος
570 882 655 934 ἐπὶ
695 883 790 944 τὴν
832 881 1017 943 οἰκίαν,
1059 881 1198 946 ἔτυχ’
1234 882 1455 946 ἑςπέρας

224 970 504 1034 πέμπουςά
543 988 636 1021 ποι
676 970 1028 1034 θεράπαιναν·
1069 971 1142 1022 ὡς
1182 971 1228 1021 δ’
1263 972 1347 1022 ἐπὶ
1386 975 1500 1023 ταῖς
1540 973 1721 1035 θύραις

107 1072 162 1110 35
228 1059 395 1122 αὐτὴν
435 1059 731 1123 γενομένην
774 1057 927 1120 εἶδεν,
971 1060 1126 1111 εὐθὺς
1165 1061 1520 1123 προςδραμών

231 1148 420 1213 ἐφίλει,
459 1148 783 1213 περιέβαλλ’·
825 1149 856 1211 ἢ
898 1149 957 1199 δὲ
997 1153 1071 1215 τῷ
1112 1149 1417 1211 προειδέναι

230 1236 473 1302 ἀδελφὸν
515 1236 627 1288 ὄντ’
661 1238 759 1289 οὐκ
799 1237 980 1301 ἔφυγε.
1030 1239 1265 1300 προςιὼν
1306 1235 1377 1305 [δ’
1411 1236 1598 1301 ἅτερος

226 1326 370 1391 ὁρᾶι·
411 1326 478 1377 τὰ
518 1327 681 1378 λοιπὰ
722 1326 766 1377 δ’
802 1327 963 1377 αὐτὸς
1005 1325 1163 1389 εἴρηκ’
1199 1325 1455 1389 ἄντικρυς.

234 1416 263 1467 ὃ
307 1417 401 1479 μὲν
443 1414 599 1484 ᾤχετ’
631 1415 800 1467 εἰπὼν
841 1414 922 1466 ὅτι
962 1416 1094 1466 κατὰ
1135 1416 1330 1478 ςχολὴν
1371 1413 1583 1482 [φράςει

107 1517 164 1556 4ο
228 1504 360 1571 αὐτῇ
401 1505 449 1556 τί
492 1504 713 1569 βούλεθ’,
754 1506 784 1567 ἢ
828 1503 875 1555 δ’
909 1503 1118 1567 ἐδάκρυ’
1152 1504 1349 1555 ἑςτῶςα
1389 1504 1472 1554 καί

226 1593 464 1657 ὠδύρεθ’,
509 1593 590 1645 ὅτι
629 1593 775 1645 ταῦτ’
812 1593 909 1645 οὐκ
950 1593 1242 1656 ἐλευθέρως
1282 1595 1435 1644 ποεῖν

231 1682 427 1735 ἕξεςτιν
469 1683 617 1751 αὐτῇ.
666 1682 844 1734 πάντα
883 1682 930 1733 δ’
964 1681 1206 1733 ἐξεκάετο

229 1771 380 1823 ταῦθ’
414 1772 570 1824 ἕνεκα
609 1775 705 1823 τοῦ
747 1772 1051 1835 μέλλοντος,
1093 1770 1165 1822 εἰς
1206 1770 1372 1834 ὀργήν
1413 1770 1456 1820 θ’
1489 1769 1576 1820 ἵνα

235 1859 395 1912 οὗτος
437 1861 671 1925 ἀφίκητ’·
714 1860 820 1922 ἐγὼ
862 1860 962 1923 γὰρ
1003 1858 1137 1922 ἦγον
1180 1860 1243 1910 οὐ
1284 1860 1435 1922 φύςει

113 1963 168 2000 45
230 1953 480 2002 τοιοῦτον
520 1949 654 2001 ὄντα
692 1952 903 2010 τοῦτον,
945 1948 1113 2012 ἀρχὴν
1154 1948 1199 1999 δ’
1231 1947 1320 1998 ἵνα
1361 1947 1492 2014 λάβῃ

230 2039 500 2102 μηνύςεως
540 2039 607 2089 τὰ
647 2037 823 2099 λοιπά,
863 2038 989 2088 τούς
1030 2037 1076 2087 θ’
1109 2036 1287 2087 αὑτῶν
1328 2021 1458 2087 ποτε

235 2126 458 2190 εὕροιεν.
509 2127 629 2178 ὥστ’
664 2126 706 2178 εἰ
746 2126 892 2178 τοῦτ’
926 2126 1240 2189 ἐδυςχέρανέ
1280 2142 1357 2175 τις

233 2215 442 2279 ἀτιμίαν
482 2215 535 2267 τ’
570 2216 790 2279 ἐνόμιςε,
832 2215 1131 2277 μεταθέςθω
1174 2213 1355 2264 πάλιν·

230 2305 317 2356 διὰ
356 2305 458 2367 γὰρ
501 2307 626 2356 θεοῦ
668 2305 752 2354 καὶ
792 2305 854 2354 τὸ
896 2304 1058 2354 κακὸν
1101 2301 1172 2353 εἰς
1214 2301 1418 2362 ἀγαθὸν
1461 2300 1606 2363 ῥέπει

140 2492 260 2547 Lef.;
293 2495 430 2537 εὐθύς
460 2493 611 2536 Herw.
706 2493 765 2536 37
803 2494 843 2535 δ’
867 2494 1029 2547 ἅτερος
1060 2490 1186 2542 Wil.‚
1221 2491 1261 2534 δ’
1285 2492 1309 2533 ὁ
1341 2491 1570 2542 Πολέμων
1596 2489 1705 2538 Lef.,
1740 2489 1780 2532 δ’
1804 2490 1829 2531 ὁ

142 2568 337 2621 ςοβαρός
362 2567 468 2610 Sud.
571 2566 633 2610 38
676 2568 818 2611 αὐτός
850 2565 919 2619 Κ.,
961 2568 1099 2609 οὗτος
1131 2564 1248 2617 Lef.;
1291 2565 1433 2618 εἴρηκ’
1466 2563 1577 2614 Le0;
1619 2565 1831 2616 ἄντικρυς

142 2641 218 2694 Κ.,
258 2641 427 2695 ἀρτίως
458 2641 572 2696 Le03
605 2643 769 2696 φράςει
802 2640 910 2682 dub.
943 2639 1012 2692 Κ.,
1052 2640 1222 2693 φράςαι
1254 2638 1336 2680 Ro.
1372 2636 1494 2686 Sud.‚
1535 2641 1664 2678 ποεῖν
1698 2635 1829 2690 Legr.

142 2713 234 2757 Leo
267 2712 368 2756 Nic.
462 2711 526 2756 40
567 2715 685 2770 αὐτῇ
726 2712 877 2756 Herw.
913 2711 1042 2763 Sud.‚
1091 2713 1221 2754 αὖθις
1264 2711 1441 2753 Leeuw.
1541 2707 1604 2751 44
1645 2705 1832 2762 ἀφίκητ’

145 2787 324 2831 Head.?
366 2787 419 2830 K.
450 2786 599 2843 Legr„
634 2787 835 2842 ἀφίκοιτ’
858 2787 936 2828 Ar.
970 2784 1097 2828 Croe.
1129 2784 1216 2827 ΕΠ.
1244 2783 1388 2827 Head.
1422 2783 1512 2825 Leo
1546 2783 1692 2824 Presc.
1719 2781 1829 2823 Wil-

145 2859 207 2904 45
241 2862 371 2915 λάβοι
406 2862 483 2903 Ar.
509 2861 687 2904 Leeuw.
722 2861 812 2904 Leo
845 2859 946 2902 Nic.
982 2861 1030 2901 ab
1055 2858 1111 2902 cf.
1138 2858 1259 2913 Epit.
1286 2862 1370 2900 447
1465 2855 1525 2899 48
1560 2858 1829 2908 ἐδυςχέρανε

143 2934 255 2978 wil.
378 2932 441 2977 49
473 2936 608 2978 θεούς
639 2934 729 2977 Eit.
