2032 3162
180 133 419 178 XXXVIII
858 131 1199 177 PRAEFATIO

179 274 316 322 Haec
355 288 543 335 scaena,
586 274 721 321 cuius
753 271 863 319 finis
895 272 1050 334 deest,
1093 274 1142 321 et
1172 273 1525 335 stichomythia
1557 288 1585 320 a
1618 271 1867 320 comoedia

181 349 463 409 ceteroquin
495 346 674 407 aliena,
705 348 754 394 et
785 361 1006 394 sermone
1039 346 1169 395 elato
1203 348 1252 394 et
1283 348 1390 395 arte
1413 348 1619 395 metrica
1649 347 1869 408 proxime

180 421 370 469 accedit
401 420 463 467 ad
494 420 664 468 stilum
694 421 956 483 tragicum.

252 495 437 542 Iterum
470 494 579 542 hiat
609 494 788 541 lacuna
819 509 1001 558 magna
1025 494 1109 542 vix
1132 494 1294 542 minus
1323 496 1427 544 100
1451 510 1697 544 versuum.
1738 493 1870 541 Fieri

180 586 278 617 non
315 570 483 630 potuit
523 568 641 629 quin
679 569 903 630 Myrrina
949 567 1043 616 filii
1089 568 1445 630 suppositionis
1491 569 1591 616 iam
1632 569 1870 631 coarguta

179 644 405 690 fraudem
446 641 760 690 confiteretur
805 642 1099 703 veniamque
1154 642 1324 690 mariti
1369 642 1672 703 imploraret.
1744 642 1870 689 Tum

179 717 422 765 Pataecus
463 715 622 763 filium
663 715 916 778 filiamque
955 717 1008 763 in
1040 730 1152 764 suas
1188 717 1330 764 aedes
1368 716 1604 766 traduxit.
1668 716 1870 764 Polemo

179 793 287 838 tota
319 807 371 838 re
405 792 655 851 comperta
687 789 745 836 de
770 790 877 838 vita
901 791 1129 852 desperat
1154 783 1284 857 (398
1301 783 1446 855 sqq.)‚
1470 806 1586 837 nam
1612 788 1872 851 Glyceram

181 865 349 912 divitis
381 864 583 912 Pataeci
628 863 785 911 filium
832 880 1069 926 umquam
1116 865 1178 911 ad
1225 879 1275 912 se
1322 865 1596 912 redituram
1637 879 1739 912 esse
1771 879 1871 912 non

181 939 348 986 credit.
413 939 479 985 At
512 937 659 985 Doris
689 937 823 985 haud
853 938 1088 1000 ignorans
1121 937 1320 1000 penitus
1351 938 1404 985 in
1436 936 1673 999 Glycerae
1706 939 1870 985 animo

181 1029 396 1060 amorem
428 1012 707 1059 Polemonis
741 1012 928 1073 ardere,
959 1013 1141 1060 transit
1173 1012 1235 1059 ad
1268 1028 1377 1059 eam
1402 1015 1451 1070 et
1474 1028 1587 1059 mox
1610 1012 1763 1059 militi
1786 1026 1872 1072 spe

181 1089 230 1133 et
262 1086 568 1148 poenitentia
601 1086 852 1148 exagitato
885 1088 1156 1147 renuntiat,
1191 1085 1451 1148 Glyceram
1483 1087 1743 1134 venturam
1767 1100 1871 1133 esse

182 1154 538 1224 (400—414).
573 1159 814 1208 Pataecus
847 1175 957 1208 cum
988 1160 1093 1207 filia
1124 1160 1347 1222 procedit
1378 1175 1583 1222 eamque
1615 1158 1874 1207 Polemoni

182 1234 451 1296 despondet
495 1234 666 1281 addita
710 1234 822 1281 dote
853 1234 1006 1282 trium
1049 1235 1293 1281 talentum
1328 1226 1618 1300 (428sqq.),
1663 1231 1872 1295 Glycera

183 1308 395 1356 amatori
425 1309 650 1370 precanti
692 1309 1024 1355 temeritatem
1065 1310 1280 1370 ignoscit
1321 1300 1678 1374 (442—445).
1744 1307 1874 1354 Tum

181 1383 421 1430 Pataecus
462 1398 512 1429 se
552 1381 655 1429 filio
687 1382 875 1429 Philini
915 1381 1070 1429 filiam
1111 1383 1161 1429 in
1194 1382 1563 1430 matrimonium
1596 1383 1873 1444 petiturum

181 1472 285 1504 esse
317 1456 532 1505 nuntiat.
597 1455 777 1503 Ultimi
810 1456 1089 1504 comoediae
1120 1471 1292 1504 versus
1325 1456 1515 1504 desunt.

255 1531 314 1577 In
354 1532 476 1591 quot
522 1533 660 1577 actus
702 1530 873 1577 fabula
913 1530 1073 1578 divisa
1105 1530 1186 1590 sit,
1226 1546 1320 1578 non
1357 1531 1564 1578 constat.
1627 1528 1875 1590 Equidem

181 1621 339 1666 neque
387 1606 501 1652 ante
533 1621 578 1652 v.
617 1605 680 1651 76
725 1605 927 1651 chorum
966 1605 1067 1651 iam
1108 1604 1364 1665 prodiisse,
1404 1619 1566 1664 neque
1604 1603 1735 1650 inter
1768 1603 1872 1650 216

183 1681 231 1726 et
266 1680 367 1725 217
405 1678 506 1725 eius
553 1680 753 1725 cantum
790 1678 943 1725 inseri
982 1694 1127 1739 posse
1162 1677 1473 1739 crediderim3
1507 1677 1691 1739 optime
1722 1676 1873 1723 inter-

181 1753 384 1814 ponitur
416 1752 546 1799 inter
581 1753 688 1801 300
721 1755 771 1800 et
804 1753 924 1801 301.

256 1826 335 1873 Ad
374 1826 572 1873 fabulae
614 1827 830 1873 aetatem
870 1826 1195 1873 definiendam
1244 1826 1339 1873 duo
1379 1825 1476 1873 loci
1517 1840 1688 1873 ansam
1734 1840 1874 1886 prae-

182 1900 321 1947 bent:
355 1900 428 1947 De
453 1899 582 1946 bello
602 1898 893 1947 Corinthum
909 1900 1067 1962 magis
1091 1901 1350 1963 magisque
1375 1901 1627 1962 premente
1652 1898 1877 1959 loquitur

182 1973 437 2036 Ignoratio
456 1968 510 2039 (5
525 1967 759 2038 sq.)‚tota
772 1973 979 2021 Graecia
995 1976 1113 2021 tunc
1128 1973 1367 2035 temporis
1383 1974 1655 2035 permultos
1673 1973 1876 2020 miseros

181 2049 394 2096 inveniri
427 2047 548 2095 dicit
573 2047 790 2095 Moschio
825 2041 954 2113 (282
973 2042 1119 2112 sqq.)‚
1151 2051 1417 2108 utrumque
1450 2047 1636 2109 optime
1663 2045 1877 2107 quadrat

184 2122 248 2168 ad
278 2122 464 2168 bellum
504 2122 634 2168 inter
674 2137 828 2169 annos
864 2123 966 2169 306
1012 2124 1061 2168 et
1095 2123 1198 2170 303
1248 2137 1277 2168 a
1322 2120 1598 2169 Cassandro
1640 2136 1750 2168 cum
1781 2120 1875 2167 De-

183 2197 360 2242 metrio
395 2198 589 2257 gestum
602 2189 657 2260 l).
720 2195 991 2256 Postquam
1041 2211 1139 2242 non
1180 2196 1339 2242 solum
1379 2195 1605 2242 Athenae
1646 2194 1729 2241 sed
1768 2195 1878 2241 tota

184 2270 285 2316 fere
336 2269 541 2317 Graecia
586 2285 614 2315 a
661 2269 911 2316 Demetrio
959 2269 1199 2316 liberatae
1244 2272 1373 2329 sunt,
1423 2269 1639 2316 Moschio
1687 2269 1769 2314 vix
1825 2268 1878 2313 in

183 2343 379 2390 theatro
411 2342 634 2390 miserias
662 2341 959 2390 Graecorum
991 2345 1226 2404 conqueri
1255 2343 1421 2403 potuit
1432 2335 1491 2408 2);
1524 2357 1621 2404 qua
1647 2340 1704 2388 de
1730 2356 1878 2388 causa

185 2417 263 2463 vel
297 2433 424 2463 anno
461 2417 563 2463 305
599 2417 677 2463 vel
712 2418 815 2464 304
850 2417 976 2464 hanc
1008 2417 1233 2464 fabulam
1265 2417 1464 2463 doctam
1502 2430 1605 2463 esse
1637 2417 1772 2477 puto.

263 2631 302 2684 1)
338 2629 393 2673 cf.
427 2629 562 2673 Diod.
589 2630 673 2672 XX
699 2634 952 2684 loo—1033
984 2631 1104 2674 Plut.
1141 2631 1220 2674 vit.
1256 2630 1433 2673 Demet.
1461 2633 1656 2672 23—25:
1692 2628 1877 2683 Beloch‚

196 2687 492 2731 Griechische
527 2687 804 2731 Geschichte
835 2689 911 2744 III,
947 2696 984 2745 1,
1021 2694 1104 2732 163
1117 2704 1215 2745 sqq.

265 2763 321 2861 ἓ).
360 2761 597 2817 Dionysiis
659 2763 769 2805 anni
832 2767 914 2806 303
972 2763 1167 2807 fortasse
1223 2762 1417 2806 Athenis
1472 2761 1743 2804 versabatur
1790 2760 1878 2803 De-

190 2834 262 2862 me
286 2835 393 2862 rius,
