2032 3162
760 79 1100 125 PRAEFATIO
1595 81 1786 126 XXXIII

92 221 263 282 rimuS,
303 237 393 269 cur
421 220 691 269 Menander
722 220 944 268 fabulam
978 203 1208 269 Corinthi
1240 222 1323 285 agi
1343 222 1606 283 maluerit,
1651 222 1784 285 leges

92 295 287 344 Atticas
328 295 387 342 de
425 293 756 343 concubinatu
795 295 858 342 ad
890 294 1115 342 fabulam
1145 297 1311 343 minus
1345 295 1629 344 convenisse
1661 297 1780 345 licet

93 370 328 418 conicere.

166 443 288 492 Post
318 443 543 492 aniculae
572 445 783 490 mortem
807 442 1007 490 Polemo
1041 442 1185 490 aedes
1217 443 1338 490 emit
1376 443 1564 491 vicinas
1598 459 1784 503 earum,

93 532 216 579 quas
239 517 463 578 Myrrina
487 519 538 565 et
559 516 779 565 Moschio
811 515 1055 564 habitant.
1090 515 1299 579 Glycera
1331 518 1533 565 fratrem
1567 517 1786 566 vicinum

93 607 196 640 esse
235 590 350 652 scit,
398 591 482 638 sed
523 607 635 639 eum
677 591 770 638 hoc
813 591 965 651 celat,
1016 607 1078 638 ne
1117 591 1225 639 vita
1266 590 1414 639 beata
1457 606 1557 653 qua
1603 591 1786 639 fruitur

92 681 207 714 eum
236 665 400 726 privet
433 658 701 731 (25—30).
753 664 822 712 At
852 665 939 712 ille
972 665 1262 713 adulescens
1293 665 1585 714 libidinosus
1619 681 1783 713 amore

90 739 325 801 pulchrae
379 739 577 800 puellae
624 738 848 787 incensus
898 739 1147 800 quondam
1192 740 1388 801 vesperi
1434 742 1550 787 ante
1598 741 1785 787 ostium

92 815 337 861 astantem
364 813 672 874 amplexatus
697 813 962 874 osculatur,
997 811 1208 875 Glycera
1240 814 1437 862 conscia
1462 829 1512 861 se
1537 813 1723 862 basiari
1755 829 1784 860 a

89 887 244 935 fratre
269 903 381 935 eum
411 903 510 935 non
540 887 739 948 repellit
771 880 1039 954 (31—37).
1085 887 1210 934 Tum
1235 886 1438 935 Polemo
1472 889 1686 936 accurrit
1708 888 1783 934 fu-

90 977 200 1009 rore
238 961 475 1025 flagrans,
515 962 766 1008 aemulum
799 961 958 1024 fugat,
989 961 1212 1023 puellam
1244 961 1495 1009 infidelem
1527 977 1667 1009 coma
1703 961 1782 1008 de-

89 1037 236 1083 tonsa
258 1028 611 1102 dehonestatl)
650 1035 788 1083 Haec
820 1037 988 1083 omnia
1019 1052 1116 1083 non
1150 1036 1203 1082 in
1237 1050 1414 1084 scaena
1438 1038 1550 1083 acta
1576 1051 1694 1097 esse,
1727 1039 1784 1083 ut

88 1109 236 1157 multi
258 1111 514 1172 putarunt,
532 1112 722 1157 certum
739 1111 827 1171 est,
851 1110 987 1157 facta
1012 1111 1143 1156 enim
1160 1111 1278 1158 sunt
1294 1109 1487 1171 vesperi
1506 1102 1615 1175 (33,
1638 1103 1782 1175 110),

87 1183 259 1231 fabula
290 1183 467 1245 incipit
498 1184 738 1245 postridie
769 1199 913 1230 mane
949 1176 1043 1250 (54
1063 1177 1173 1248 sq).

164 1257 464 1319 Spectantur
508 1259 562 1305 in
607 1273 785 1307 scaena
833 1260 1003 1305 ternae
1045 1258 1188 1305 aedes
1229 1257 1446 1318 Pataeci,
1487 1257 1783 1319 Polemonis,

89 1331 363 1392 Myrrinae,
404 1333 541 1380 cuius
573 1333 784 1379 maritus
816 1348 931 1379 rure
962 1334 1190 1380 versatur
1202 1324 1244 1398 ²)
1280 1325 1450 1397 (174).
1507 1331 1701 1379 Desunt
1731 1333 1783 1379 in

88 1405 334 1467 principio
382 1406 507 1453 duae
550 1422 776 1466 scaenae,
823 1407 876 1452 in
923 1406 1102 1467 quibus
1152 1408 1202 1453 et
1242 1404 1503 1468 Glyceram
1554 1409 1604 1453 et
1642 1405 1781 1452 Pole-

87 1495 284 1527 monem
322 1480 561 1541 prodiisse
602 1480 864 1527 manifeste
896 1482 1114 1528 testatur
1145 1479 1402 1543 Ignoratio
1437 1473 1493 1546 (7
1521 1495 1626 1541 sqq.
1665 1473 1782 1545 38);

86 1569 185 1600 una
217 1569 328 1601 cum
359 1554 460 1602 illis
494 1553 688 1602 Sosiam
712 1553 991 1601 Polemonis
1018 1570 1214 1602 servum
1246 1556 1298 1601 in
1324 1569 1501 1602 scaena
1526 1557 1779 1601 versatum

90 1642 193 1675 esse
256 1644 312 1676 ex
368 1643 422 1675 eo
479 1628 823 1688 concluserim,
891 1628 1024 1690 quod
1079 1645 1122 1676 v.
1168 1631 1234 1675 52
1271 1644 1375 1690 sqq.
1433 1629 1573 1689 quasi
1634 1630 1781 1675 notus

89 1701 449 1762 spectatoribus
489 1702 760 1762 inducitur,
800 1719 919 1750 num
950 1702 1097 1751 Doris
1136 1718 1331 1763 quoque
1370 1705 1485 1749 ante
1521 1702 1783 1765 prologum

88 1778 382 1837 processerit
435 1778 681 1824 incertum
735 1779 822 1823 est.
843 1769 885 1841 ¹⁹¹)
974 1776 1093 1824 Cum
1152 1775 1409 1839 Ignoratio
1464 1776 1782 1824 Polemonem

87 1849 283 1898 τοῦτον
330 1847 425 1898 τὸν
481 1847 719 1911 εφοδρὸν
776 1847 1051 1898 νεανίεκον
1109 1851 1331 1912 appellet
1379 1843 1486 1916 (8),
1554 1866 1668 1898 eum
1728 1852 1781 1896 in

88 1938 265 1971 scaena
318 1925 480 1986 prima
535 1924 669 1972 duris
725 1924 886 1972 verbis
940 1923 1175 1986 Glycerae
1241 1925 1458 1972 absentis
1516 1924 1779 1985 perfidiam

89 2000 407 2059 conquestum
441 2014 542 2046 esse
574 1999 679 2046 veri
719 1999 879 2046 simile
918 2001 1004 2058 est,
1044 2001 1152 2045 tum
1184 2014 1283 2046 una
1316 2014 1425 2045 cum
1459 1997 1601 2045 Sosia
1637 1997 1777 2059 abiit,

87 2072 166 2118 vel
196 2073 249 2119 in
280 2072 453 2120 villam
484 2073 578 2132 vel,
610 2073 741 2134 quod
773 2072 898 2120 mihi
931 2072 1130 2133 quidem
1163 2073 1324 2119 minus
1358 2073 1537 2133 placet,
1578 2073 1628 2118 in
1664 2088 1776 2119 cau-

162 2243 204 2297 1)
236 2241 534 2286 Polemonem
565 2256 658 2286 non
691 2242 957 2287 detondisse
990 2242 1140 2285 crines
1177 2242 1258 2286 sed
1291 2242 1592 2298 praecidisse,
1626 2242 1694 2284 ita
1728 2244 1780 2285 ut

86 2303 300 2356 comptus
331 2302 619 2345 meretricius
653 2302 848 2358 εκαφίου
883 2303 1111 2355 oreretur,
1159 2301 1401 2345 contendit
1449 2300 1625 2344 Robert
1669 2301 1780 2356 (Der

87 2373 204 2403 neue
237 2360 505 2414 Menander,
535 2377 579 2416 p.
608 2364 695 2415 13),
727 2362 804 2404 vix
827 2363 966 2415 recte,
1000 2374 1108 2403 nam
1142 2362 1188 2404 et
1222 2361 1413 2403 obstant
1450 2360 1589 2404 verba
1617 2359 1777 2403 Sosiae

87 2423 143 2462 53
176 2421 201 2462 ὁ
233 2421 316 2464 τὰς
346 2426 567 2473 γυναῖκας
598 2422 684 2464 οὐκ
716 2422 808 2465 ἐῶν
842 2423 962 2474 ἔχειν
992 2421 1172 2475 τρίχας,
1216 2422 1262 2462 et
1303 2421 1518 2474 comptus
1559 2418 1640 2462 ille
1674 2435 1777 2463 cm-

85 2478 198 2533 φίου
231 2479 422 2522 minime
454 2478 741 2523 meretricius
783 2482 874 2533 est,
916 2479 1196 2522 describitur
1241 2492 1269 2521 a
1300 2478 1556 2522 scholiasta
1590 2479 1666 2521 Ar.
1693 2480 1775 2521 Av.

87 2540 173 2580 806
204 2539 259 2581 τὸ
293 2539 374 2591 μὲν
407 2540 492 2582 οὖν
524 2539 718 2593 εκαφίον
749 2541 804 2583 τὸ
838 2541 887 2583 ἐν
920 2544 1016 2595 χρῷ
1050 2540 1484 2592 (ἀποκεκαρμένον).

162 2597 204 2651 2)
238 2596 473 2639 Philinum
505 2596 659 2650 illum,
702 2598 832 2641 cuius
866 2596 1011 2640 filiam
1042 2599 1271 2640 Pataecus
1305 2596 1566 2640 Moschioni
1598 2596 1694 2639 filio
1728 2597 1776 2638 in

86 2655 432 2698 matrimonium
452 2670 640 2711 poscere
659 2657 904 2700 constituit
928 2661 1029 2712 (447
1043 2662 1142 2711 sq),
1168 2655 1404 2711 Myrrinae
1429 2655 1650 2698 maritum
1676 2668 1775 2699 esse

86 2727 177 2756 non
211 2715 370 2768 credo,
414 2715 453 2758 si
484 2716 678 2758 haberet
709 2715 915 2771 Myrrina
947 2715 1092 2758 filiam
1126 2714 1415 2771 legitimam,
1460 2715 1559 2758 eius
1599 2714 1775 2758 mentio

84 2772 216 2816 fieret
246 2787 286 2817 v.
315 2778 398 2816 115
425 2788 523 2829 sqq.

159 2834 201 2886 3)
237 2832 390 2875 Sosiae
423 2846 526 2876 eam
549 2849 588 2876 v.
617 2838 671 2876 62
697 2833 765 2876 ita
789 2833 1016 2887 nominat,
1051 2835 1102 2875 ut
1127 2832 1467 2888 spectatoribus
1494 2846 1596 2875 eam
1622 2832 1775 2875 adhuc

83 2889 295 2946 ignotam
328 2905 427 2935 esse
460 2892 687 2948 suspicari
719 2892 877 2936 liceat.

175 2973 407 3005 Menandrea
432 2974 488 3006 ed.
513 2975 642 3006 Kotte.
1484 2980 1506 3008 c
