2032 3162
170 147 320 192 XXVI
854 145 1196 190 PRAEFATIO

170 287 416 349 minisque
441 286 652 335 obruens
676 286 866 334 accedit
890 286 953 334 ad
972 285 1185 334 Charisii
1209 286 1354 336 aedes
1377 289 1434 335 ut
1468 289 1665 350 repetat
1697 288 1861 337 dotem

168 362 439 424 filiamque,
486 359 747 408 Onesimus
795 363 962 408 autem
1009 363 1116 408 tam
1160 361 1475 422 impudenter
1514 377 1664 423 quam
1702 362 1862 410 facete

169 451 337 485 senem
368 450 618 483 morosum
642 434 729 482 diu
759 433 1045 482 ludificatus
1076 434 1279 482 tandem
1310 435 1370 483 de
1394 438 1503 483 tota
1525 452 1578 483 re
1604 437 1862 484 certiorem

169 510 294 559 facit
326 509 527 570 eiusque
566 509 785 556 furorem
826 507 879 555 in
911 524 1155 557 summam
1192 508 1440 558 laetitiam
1469 510 1624 558 vertit
1654 502 1711 576 (5
1720 511 1871 559 20--2

173 577 321 649 591).
364 583 422 631 In
446 582 542 630 fine
567 582 693 630 nihil
716 583 815 630 nisi
839 597 1023 644 paucos
1047 598 1217 631 versus
1243 581 1410 631 deesse
1433 584 1752 632 manifestum
1775 586 1862 632 est.

248 656 354 714 Quo
397 657 498 705 fere
539 672 667 704 anno
706 657 877 704 fabula
916 656 1062 704 docta
1100 656 1167 704 sit
1205 659 1466 718 nescimus,
1511 657 1597 706 sed
1633 658 1726 706 hoc
1757 672 1864 720 spe·

171 732 332 779 cimen
364 732 487 779 artis
526 733 751 778 maturae
792 747 822 778 a
851 730 1123 778 Menandro
1164 731 1354 779 seniore
1396 733 1723 792 compositum
1761 745 1865 780 esse
1925 782 1939 795 ‚

170 805 429 868 probabile
461 806 549 852 est.
611 803 860 852 Lectitata
893 806 970 852 est
999 805 1255 853 comoedia
1277 821 1366 868 per
1387 806 1501 867 plus
1525 806 1865 869 septingentos

172 895 342 941 annos,
374 895 491 926 nam
523 878 697 940 quinto
714 895 760 940 p.
781 877 892 926 Chr.
908 896 955 926 n.
974 879 1168 926 saeculo
1202 882 1407 927 exeunte
1426 878 1656 928 Sidonius
1672 879 1866 941 Apolli-

173 954 308 1001 naris
341 954 597 1015 episcopus
631 951 850 1001 Gallicus
883 968 933 1000 se
965 953 1225 1000 Menandri
1250 954 1600 1016 Epitrepontes
1623 955 1676 1001 in
1708 953 1865 1001 mani-

173 1028 264 1075 bus
296 1027 524 1075 habuisse
556 1028 772 1075 testatur
804 1021 917 1093 (Ep.
943 1027 1015 1073 IV
1051 1020 1204 1093 12).1)

851 1234 939 1281 DE
977 1234 1009 1281 S
1019 1235 1198 1283 AMIA.

251 1353 496 1401 Fabulam
528 1368 654 1415 quae
685 1354 739 1399 in
770 1353 863 1400 hac
896 1352 1111 1401 editione
1143 1354 1295 1402 tertia
1327 1356 1403 1402 est
1433 1354 1486 1400 in
1525 1353 1690 1401 codice
1724 1369 1869 1415 quar-

175 1431 285 1476 tum
315 1428 394 1476 vel
419 1429 647 1490 quintum
678 1427 841 1474 locum
872 1427 1143 1476 obtinuisse
1176 1443 1325 1490 supra
1349 1421 1419 1494 (p.
1445 1421 1513 1494 X)
1546 1427 1754 1488 ostendi,
1786 1426 1871 1475 sed

177 1502 239 1550 ab
283 1501 452 1549 ordine
492 1501 673 1549 codicis
712 1501 904 1562 recessi,
945 1503 1063 1563 quia
1096 1501 1158 1549 ad
1196 1502 1591 1550 Periciromenen
1632 1501 1872 1549 edendam

178 1579 378 1638 praeter
403 1575 684 1623 Cairensem
710 1575 798 1622 alii
821 1575 1012 1623 codices
1036 1578 1235 1637 praesto
1262 1578 1391 1623 sunt.
1425 1576 1649 1623 Titulum
1675 1575 1870 1622 Samiae

176 1651 241 1698 ab
274 1650 462 1698 editore
493 1649 715 1711 principe
756 1649 873 1697 huic
913 1650 1194 1698 comoediae
1235 1650 1521 1697 dubitanter
1550 1649 1767 1696 inditum
1796 1663 1871 1696 re-

177 1726 326 1784 tinui,
365 1739 466 1771 non
499 1739 595 1784 quo
629 1726 817 1771 certum
849 1740 961 1770 eum
993 1725 1245 1785 putarem,
1285 1724 1370 1771 sed
1409 1739 1470 1772 ne
1510 1723 1682 1771 fabula
1720 1722 1870 1770 titulo

179 1800 383 1847 careret.
461 1797 583 1861 Agit
630 1813 745 1845 sane
791 1796 960 1845 Samia
1007 1798 1250 1859 quaedam
1303 1800 1470 1859 partes
1526 1797 1733 1859 aliquas,
1787 1796 1874 1844 sed

183 1875 429 1934 quantum
451 1871 675 1919 videmus
699 1873 874 1919 tertias
898 1873 1065 1934 potius
1091 1887 1240 1934 quam
1266 1874 1466 1933 primas.
1521 1871 1680 1919 Minus
1706 1873 1874 1918 autem

179 1946 424 2008 placuisse
471 1946 597 1992 hanc
646 1941 951 1993 comoediam
996 1946 1208 2008 posteris
1243 1963 1301 1994 ex
1340 1962 1395 1993 eo
1429 1948 1652 2009 apparet,
1685 1945 1815 2007 quod
1848 1961 1873 1991 e

183 2022 286 2068 341
322 2019 544 2068 versibus
585 2021 783 2067 omnino
822 2020 988 2067 nullus
1028 2020 1226 2068 aliunde
1266 2021 1499 2068 innotuit.
1561 2019 1700 2066 Idem
1740 2017 1875 2066 cadit

180 2097 234 2142 in
266 2093 524 2141 Menandri
557 2092 789 2155 Samiam,
830 2110 888 2142 ex
929 2110 1026 2155 qua
1066 2111 1219 2142 unum
1260 2095 1419 2142 solum
1457 2095 1792 2157 fragmentum
1821 2093 1875 2138 in

182 2168 454 2230 Phrynichi
487 2168 658 2231 ecloga
697 2171 949 2215 servatum
982 2170 1068 2230 est,
1101 2168 1250 2230 idque
1283 2168 1549 2215 admodum
1582 2168 1718 2214 exile.
1774 2165 1873 2213 Do-

183 2242 386 2290 lendum
434 2242 567 2303 quod
612 2242 738 2289 nihil
783 2242 884 2289 fere
935 2259 992 2290 ex
1038 2243 1127 2290 illo
1175 2243 1455 2305 fragmento
1504 2241 1738 2289 discimus
1777 2240 1875 2287 nisi

185 2317 421 2378 Tryphen
461 2315 693 2363 ancillam
725 2316 1006 2364 comoediae
1045 2317 1329 2364 interfuisse
1343 2309 1400 2381 ²),
1443 2331 1569 2377 quae
1599 2314 1652 2361 in
1683 2330 1874 2376 papyro

187 2390 413 2438 Oairensi
443 2405 542 2436 non
589 2390 887 2437 nominatur.
952 2389 1047 2436 Sed
1093 2392 1207 2438 utut
1249 2405 1325 2437 res
1359 2405 1408 2436 se
1446 2389 1609 2448 habet,
1643 2388 1877 2449 quoniam

182 2465 244 2512 de
285 2463 542 2512 Menandri
585 2462 755 2511 Samia
801 2464 927 2510 nihil
975 2465 1168 2525 scimus,
1216 2480 1315 2512 non
1364 2465 1439 2511 est
1484 2462 1760 2523 periculum
1815 2477 1875 2509 ne

183 2539 382 2586 fabulae
416 2540 641 2585 servatae
675 2538 839 2584 aliena
869 2538 1247 2599 immisceamus,
1289 2539 1332 2585 si
1362 2538 1549 2584 incerto
1582 2536 1730 2583 titulo
1767 2552 1876 2582 eam

186 2628 433 2660 ornamus.

265 2786 306 2839 1)
338 2783 482 2828 Recte
515 2783 632 2829 dicit
663 2782 873 2826 fabulam
907 2783 1073 2826 similis
1099 2781 1366 2839 argumenti
1390 2780 1698 2823 Terentianae
1724 2778 1877 2833 Hecy-

187 2856 265 2887 rae
299 2856 411 2887 esse.
1538 2853 1539 2856 ¹

186 2966 225 3008 Τ
264 2904 307 2958 2)
341 2902 389 2945 Si
431 2906 555 2948 recte
589 2902 795 2958 Scaliger
833 2901 1061 2944 Nunnesii
1094 2900 1342 2943 lectionem
1382 2903 1537 2954 τρυφῇ
1584 2896 1783 2939 mutavit
1828 2895 1877 2937 in

226 2966 371 3018 ρύφη·
