1980 3168
0 277 147 346 Αγν.)

88 1091 142 1132 10

86 1538 140 1576 15

81 1983 137 2023 20

81 2427 135 2466 25

109 2738 157 2780 et
180 2736 298 2780 Croi.

736 150 1182 196 ΠΕΡΙΚΕΙΡΟΜΕΝΗ

210 280 403 348 μόνον]
445 287 839 348 προθυμηθεῑςα
879 289 1024 350 θῆλυ,
1064 288 1126 339 τὸ
1168 287 1214 340 δ’
1249 289 1434 354 ἕτερον

208 371 416 430 γυναικὶ
455 374 644 424 δοῦναι
682 374 925 426 πλουςίαι
965 377 1061 438 τὴν
1103 376 1273 430 οἰκίαν

210 458 412 523 ταύτην
451 461 799 525 κατοικούςηι,
840 464 1065 533 δεομένῃ
1106 467 1339 518 παιδίου.

207 545 372 616 ποιεῖ]
415 550 474 600 δὲ
513 549 682 601 ταῦτ’·
724 551 1095 616 ἐγγενομένων
1136 554 1181 605 δ’
1217 555 1352 606 ἐτῶν
1391 573 1553 608 τινων

209 637 294 687 καὶ
332 640 429 689 τοῦ
469 639 709 703 πολέμου
750 641 834 691 καὶ
873 644 983 693 τῶν
1025 642 1381 706 Κορινθιακῶν
1421 648 1598 696 κακῶν

209 725 589 791 αὐξανομένων
628 727 659 790 ἡ
702 732 867 793 γραῦς
909 729 1249 796 ἀπορουμένη
1292 733 1515 797 ςφόδρα,

207 816 569 880 τεθραμμένης
608 820 700 880 τῆς
740 819 944 876 παιδός,
987 820 1052 882 ἣν
1093 823 1189 871 νῦν
1231 820 1397 873 εἴδετε

205 901 365 967 ὑμεῖς,
407 904 629 968 έραςτοῦ
670 907 965 970 γενομένου
1005 925 1063 959 τε
1102 911 1197 960 τοῦ
1239 913 1477 974 ςφοδροῦ

204 992 400 1045 τούτου
440 994 732 1056 νεανίςκου,
774 996 916 1056 γένει
959 997 1233 1060 Κορινθίου

205 1078 378 1143 ὄντος,
419 1082 598 1134 δίδωςι
637 1084 734 1146 τὴν
774 1084 939 1148 κόρην
981 1085 1052 1136 ὡς
1092 1086 1357 1150 θυγατέρα

205 1169 368 1233 αὑτῆς
409 1170 564 1235 ἔχειν.
612 1171 713 1235 ἤδη
756 1171 803 1223 δ’
837 1172 1148 1237 ἀπειρηκυῑα
1189 1174 1271 1225 καί

203 1260 559 1324 προορωμένη
601 1264 698 1312 τοῦ
739 1264 832 1323 ζῆν
874 1263 1247 1326 καταςτροφήν
1287 1280 1404 1314 τινα

205 1347 357 1411 αὑτῆι
396 1352 672 1413 παροῦςαν
714 1350 811 1402 οὐκ
850 1350 1048 1416 ἔκρυψε
1087 1353 1183 1414 τὴν
1223 1352 1410 1415 τύχην·

203 1437 345 1499 λέγει
387 1439 446 1490 δὲ
486 1439 621 1502 πρὸς
659 1440 757 1502 τὴν
799 1439 1001 1503 μείραχ’
1033 1439 1105 1491 ὡς
1147 1439 1387 1491 ἀνείλετο

204 1526 385 1590 αὐτήν,
428 1527 485 1579 ἐν
526 1526 605 1579 οἷς
645 1545 702 1580 τε
744 1528 1067 1591 ςπαργάνοις
1108 1528 1280 1580 δίδως’
1315 1528 1445 1592 ἅμα·

207 1615 303 1666 τὸν
345 1614 716 1681 ἀγνοούμενον
755 1616 802 1668 τ’
834 1616 1077 1681 ἀδελφὸν
1117 1622 1177 1685 τῇ
1221 1618 1371 1681 φύςει

202 1704 406 1768 φράζει,
446 1707 819 1770 προνοουμένη
861 1724 907 1757 τι
948 1709 1055 1757 τῶν
1097 1705 1464 1770 ἀνθρωπίνων,

202 1792 249 1844 εἴ
287 1811 420 1846 ποτε
461 1795 668 1858 δεηθείη
714 1795 957 1859 βοηθείας
997 1795 1153 1855 τινός,

201 1882 379 1945 ὁρῶςα
418 1886 613 1935 τοῦτον
654 1882 766 1935 ὄντ’
800 1883 1093 1944 ἀναγκαῖον
1135 1884 1302 1947 μόνον

202 1971 333 2040 αὐτῇ
377 1975 623 2037 φυλακήν
662 1990 720 2025 τε
761 1972 1115 2036 λαμβάνουςα,
1158 1973 1223 2036 μή
1266 1989 1397 2024 ποτε

203 2059 267 2111 δι’
303 2061 394 2124 ἐμέ
432 2079 481 2112 τι
520 2063 617 2124 τὴν
657 2060 912 2123 Ἄγνοιαν
955 2061 1135 2112 αὐτοῖς
1176 2062 1402 2127 ςυμπέςῃ

202 2147 466 2212 ἀκούςιον,
507 2153 849 2202 πλουτοῦντα
890 2151 973 2200 καὶ
1014 2149 1258 2213 μεθύοντ’
1294 2148 1373 2200 ἀεί

202 2237 360 2301 ὁρῶς’
394 2239 614 2303 ἐκεῖνον,
657 2239 893 2302 εὐπρεπῆ
937 2240 994 2290 δὲ
1035 2240 1117 2288 καὶ
1157 2238 1285 2289 νέαν

198 2327 411 2391 ταύτην,
455 2329 668 2392 βέβαιον
710 2327 755 2379 δ’
789 2328 948 2378 οὐθὲν
989 2326 1051 2377 ὧι
1092 2326 1454 2377 κατελείπετο·

202 2415 333 2479 αὕτη
376 2418 470 2479 μὲν
511 2417 609 2468 οὗν
651 2416 939 2467 ἀπέθανεν·
981 2416 1010 2466 ὃ
1052 2417 1110 2466 δὲ
1151 2416 1245 2477 τὴν
1288 2414 1455 2466 οἰκίαν

1735 155 1845 209 99·

259 2589 284 2632 1
325 2592 514 2645 τρέφειν
548 2592 719 2645 βρέφος
745 2591 752 2645 Ι
783 2591 924 2643 μόνον
956 2588 1088 2641 Wil.‚
1129 2591 1333 2641 διδύμων
1372 2590 1425 2631 τὸ
1468 2590 1548 2640 μὲν
1582 2590 1792 2641 ἐφύλαξε,

110 2664 292 2707 παιδίον
316 2665 505 2719 τρέφειν
527 2664 530 2721 l
553 2665 671 2718 αὐτή
700 2663 822 2715 Sud.‚
849 2666 902 2706 τὸ
929 2665 1011 2716 μέν
1037 2661 1140 2705 Croi
1217 2661 1245 2704 2
1273 2664 1318 2704 et
1344 2662 1373 2704 3
1400 2660 1674 2716 supplerunt
1698 2660 1792 2702 Lef.

383 2735 414 2779 4
437 2744 557 2781 ποιεῖ
579 2737 708 2791 Wi1.‚
734 2739 858 2782 ἑπόει
883 2736 987 2790 Leo,
1015 2738 1176 2790 ςυνέβη
1205 2734 1347 2788 Ome„
1373 2738 1445 2778 καὶ
1469 2737 1578 2778 τάδε
1602 2739 1794 2778 τοιαῦτα

110 2809 234 2863 Sud.‚
266 2811 400 2854 ταῦτ’
422 2811 492 2865 Κ.,
524 2811 655 2855 τοῦτ’
680 2810 811 2867 Oroi.,
846 2811 1164 2863 ἐγγενομένων
1197 2809 1302 2863 Leo,
1332 2811 1598 2861 γενομένων
1624 2806 1750 2850 Oroi.-

108 2884 138 2928 5
163 2887 238 2928 καὶ
261 2889 346 2928 τοῦ
371 2884 462 2928 Leo
479 2884 610 2927 Rich.
630 2884 755 2938 Wil.‚
784 2889 949 2938 ςυχνοῦ
969 2882 1102 2932 Oroi„
1128 2886 1280 2926 δεινοῦ
1301 2882 1495 2934 Leemv„
1521 2883 1611 2925 ἀπὸ
1635 2885 1719 2924 τοῦ
1738 2879 1790 2922 Κ.

108 2957 138 3001 6
171 2957 319 3013 suppl.
357 2956 472 3001 Croi.
568 2958 628 3002 15
662 2959 832 3003 διδούς>
865 2956 988 3000 Croe.
1023 2955 1173 2999 Herw.
1276 2954 1338 2997 24
1371 2956 1411 2999 δ’
1433 2954 1578 2998 Head.
1613 2954 1790 2997 Leeuw.

1467 3027 1525 3069 7*
