2032 3162
774 146 1115 190 PRAEFATIO
1656 147 1798 190 XLHI
1830 197 1832 199 ¹

110 287 309 338 vocavit
340 280 476 354 (54),
507 303 620 335 mox
653 287 844 335 accedit
875 288 1018 349 eique
1058 287 1220 349 aperit
1257 289 1370 349 post
1400 287 1664 335 nonnullas
1698 304 1797 335 am-

109 363 260 425 bages
299 377 349 409 se
379 362 566 424 Ephesi
602 362 848 424 virginem
878 360 1231 410 Atheniensem
1270 361 1490 408 Phaniae
1522 361 1799 424 Euonymei

109 437 398 484 citharistae
420 435 572 483 filiam
600 435 795 498 vidisse,
821 451 971 497 quam
994 436 1046 482 in
1070 437 1443 483 matrimonium
1469 436 1642 483 ducere
1667 436 1797 484 velle

110 504 393 577 (66—97).
450 509 599 557 Pater
628 508 743 556 huic
775 509 931 557 amori
969 509 1355 572 haudquaquam
1398 510 1564 557 favere
1604 509 1801 557 videtur

109 580 205 650 (99
223 577 432 649 —101).
485 581 607 631 Cum
639 583 855 631 Phanias
886 585 1076 631 vicinus
1101 587 1305 638 vocetur
1330 577 1503 650 (101),
1544 585 1649 631 eius
1680 599 1799 645 quo-

112 674 206 719 que
238 658 381 706 aedes
412 658 464 704 in
496 672 672 706 scaena
703 658 853 705 fuisse
880 659 1102 719 apparet.
1152 657 1288 723 Haec
1321 659 1488 705 omnia
1513 658 1617 706 sine
1649 657 1799 706 dubio

110 733 407 794 expositioni
444 731 707 780 tribuenda
747 734 877 779 sunt.
918 733 957 778 E
999 732 1291 796 fragmentis
1337 731 1535 779 aliunde
1569 733 1700 779 notis
1741 731 1800 780 de

110 806 306 854 fabulae
340 808 632 870 argumento
665 801 792 853 nihil
815 806 918 854 fere
942 806 1175 854 discimus
1199 806 1296 855 nisi
1320 806 1563 854 Phaniam
1596 805 1801 853 divitem

112 881 263 929 fuisse
296 880 379 946 (fr.
417 873 486 946 1).

757 955 844 1002 DE
890 953 1159 1002 OOLAOE.

185 1043 304 1091 Post
341 1043 726 1092 Periciromenes
770 1045 1106 1107 fragmentum
1146 1042 1363 1092 Grenfell
1403 1046 1452 1092 et
1491 1043 1631 1091 Hunt
1672 1042 1799 1105 Oxy-

111 1118 320 1180 rhynchi
346 1116 538 1167 Colacis
572 1135 766 1180 quoque
801 1119 921 1166 satis
956 1118 1146 1179 amplas
1179 1118 1419 1179 reliquias
1443 1111 1800 1183 inveneruntl)

111 1192 360 1240 Volumen
393 1194 512 1253 21‚5
548 1208 625 1239 cm
666 1193 825 1240 altum
866 1192 1079 1241 secundo
1111 1209 1157 1253 p.
1187 1191 1297 1239 Chr.
1322 1209 1368 1238 n.
1403 1191 1598 1240 saeculo
1638 1191 1802 1239 medio

112 1266 294 1314 litteris
319 1267 587 1330 gracilibus
611 1267 781 1328 paullo
807 1268 1149 1315 sinistrorsum
1171 1265 1424 1313 inclinatis
1449 1267 1689 1328 scriptum
1715 1268 1802 1314 est.

111 1340 299 1388 Pendet
331 1340 392 1388 ab
425 1341 694 1402 exemplari
727 1343 1164 1404 grammaticorum
1189 1342 1319 1388 curis
1343 1341 1605 1402 perpolito,
1637 1344 1804 1388 servat

113 1414 245 1462 enim
285 1416 339 1462 in
370 1415 570 1463 scholiis
610 1416 862 1463 nonnullis
905 1415 1063 1462 bonae
1108 1415 1361 1462 doctrinae
1400 1408 1706 1480 reliquias2),
1752 1414 1805 1461 at

112 1488 345 1536 librarius
384 1491 490 1549 ipse
523 1491 610 1536 aut
650 1505 795 1551 opere
828 1505 916 1537 suo
950 1488 1072 1537 satis
1104 1489 1422 1552 neglegenter
1460 1488 1676 1550 functus,
1716 1490 1805 1535 aut

114 1563 382 1624 exemplari
425 1565 527 1610 iam
571 1579 671 1611 non
701 1563 896 1627 integro
928 1579 1047 1611 usus
1081 1566 1168 1622 est,
1210 1563 1283 1610 bis
1325 1563 1456 1609 enim
1497 1558 1591 1627 (13
1628 1565 1677 1609 et
1710 1555 1803 1628 54)

114 1639 379 1685 occurrunt
395 1652 580 1698 versus,
607 1637 693 1699 qui
717 1653 910 1699 semper
933 1638 1100 1685 mutili
1116 1638 1331 1698 fuerunt,
1357 1640 1406 1684 et
1429 1637 1505 1684 his
1522 1637 1644 1684 locis
1660 1638 1806 1698 plura

114 1710 348 1759 excidisse
379 1710 516 1758 haud
545 1711 943 1773 improbabiliter
974 1711 1253 1773 suspicatur
1285 1711 1632 1760 Wilamowitz.

187 1784 531 1847 Apostrophus
549 1801 695 1847 saepe
714 1787 932 1847 ponitur,
946 1786 1141 1846 saepius
1159 1786 1422 1845 omittitur,
1437 1785 1639 1847 scriptio
1657 1785 1806 1846 plena

114 1859 264 1907 semel
311 1861 527 1907 occurrit
567 1853 709 1925 (51),
759 1860 962 1921 spiritus
1004 1862 1052 1907 et
1094 1862 1326 1907 accentus
1369 1860 1444 1907 bis
1488 1860 1809 1908 inveniuntur

115 1927 226 1999 (74,
255 1927 367 1999 80),
396 1934 813 1995 interpunctionis
845 1936 992 1982 notae
1027 1927 1163 1999 (ἄνω
1191 1930 1386 1994 (τιγμή,
1422 1931 1563 1994 με’(η,
1592 1929 1807 1990 ὑπο-τιγ-

118 2006 183 2068 μή
212 2001 305 2072 44)
341 2007 540 2055 crebrae
573 2010 702 2068 sunt,
727 2024 1049 2070 personarum
1079 2009 1387 2065 mutationes
1415 2010 1464 2055 et
1495 2007 1693 2069 punctis
1725 2023 1808 2069 ge-

116 2082 319 2128 minatis
351 2084 401 2129 et
431 2082 760 2146 paragraphis
792 2084 1044 2141 notantur,
1077 2097 1401 2143 personarum
1433 2084 1580 2129 notae
1614 2084 1663 2129 et
1694 2097 1809 2143 par-

118 2156 421 2218 epigraphae
446 2156 636 2204 desunt.
678 2157 797 2203 Tres
815 2157 1072 2203 columnae
1088 2157 1290 2203 33—34
1306 2171 1536 2203 versuum
1562 2171 1591 2203 a
1609 2155 1808 2203 fabulae

117 2229 263 2277 initio
295 2245 393 2277 non
425 2230 572 2292 longe
612 2230 854 2278 distantes
887 2232 1111 2277 servatae
1154 2232 1284 2291 sunt,
1327 2230 1412 2277 sed
1442 2230 1633 2291 primae
1673 2229 1810 2277 deest

116 2318 231 2364 pars
265 2304 483 2364 sinistra,
513 2306 692 2351 tertiae
723 2305 874 2365 primi
909 2308 972 2351 11
1009 2319 1194 2351 versus.
1235 2304 1414 2364 Itaque
1446 2303 1517 2364 fit,
1548 2307 1605 2350 ut
1638 2319 1806 2364 quam-

119 2393 267 2439 quam
299 2378 465 2439 plures
497 2394 668 2426 versus
700 2381 1027 2425 numerantur
1059 2394 1207 2438 quam
1232 2376 1427 2440 Georgi,
1458 2380 1626 2424 tamen
1650 2378 1807 2424 multo

119 2451 281 2498 minus
313 2451 436 2498 lucri
470 2466 527 2499 ex
560 2453 629 2499 eis
662 2452 918 2499 faciamus.

193 2524 401 2587 Magnas
433 2525 485 2573 in
517 2525 688 2574 fabula
718 2528 885 2587 partes
926 2527 1083 2590 egisse
1127 2525 1403 2573 Struthiam
1442 2527 1721 2587 parasitum
1761 2527 1809 2571 et

120 2598 264 2644 Biam
282 2599 493 2646 militem
510 2599 688 2647 docent
704 2602 753 2647 et
768 2600 1064 2647 Plutarchus
1081 2600 1133 2646 in
1151 2599 1278 2647 libro
1302 2599 1360 2646 de
1380 2600 1665 2647 adulatione
1687 2600 1751 2645 13
1765 2592 1807 2651 3)

122 2674 172 2719 et
203 2672 463 2720 Terentius
494 2675 547 2720 in
580 2674 807 2721 Eunuchi
838 2675 1043 2736 prologo
1079 2675 1147 2720 30

198 2799 240 2853 1)
273 2797 369 2840 The
380 2797 716 2854 Oxyrhynchus
725 2799 898 2855 Papyri
915 2815 957 2841 n.
970 2803 1054 2842 409
1064 2799 1153 2842 vol.
1165 2799 1229 2842 ΙΙΙ
1250 2814 1297 2855 p.
1315 2803 1368 2842 17
1381 2813 1477 2854 sqq.
1500 2799 1613 2841 Tab.
1623 2798 1666 2840 ΙΙ
1676 2800 1722 2841 et
1731 2798 1808 2840 III.

198 2858 242 2911 2)
276 2857 332 2900 cf.
374 2857 584 2900 scholion
632 2858 689 2901 de
733 2859 1019 2913 Astyanacte
1069 2858 1251 2901 Milesio
1296 2858 1345 2901 in
1386 2858 1477 2901 fine
1518 2857 1686 2900 tertiae
1734 2871 1811 2899 co-

123 2915 308 2959 lumnae
341 2916 566 2959 additum.

201 2975 243 3030 3)
276 2974 382 3017 vide
413 2975 537 3018 infra
568 2975 621 3019 fr.
650 2981 689 3019 2.
