2032 3162
157 149 280 193 XLII
833 149 1172 193 PRAEFATIO

158 292 215 336 ut
246 290 472 348 facerem,
507 290 632 336 duae
658 290 973 351 potissimum
1006 304 1183 336 causae
1215 306 1291 336 me
1317 293 1686 351 permoverunt:
1733 291 1840 338 Pri·

157 379 295 410 mum
327 364 493 411 omnia
525 379 650 424 quae
682 365 879 410 servata
913 365 1030 410 sunt
1052 363 1314 410 Menandri
1346 366 1503 412 artem
1534 364 1753 426 lepidam
1785 381 1842 413 ac

158 440 407 485 maturam
438 440 697 499 tantopere
734 437 937 498 sapiunt
950 429 1007 502 1),
1045 439 1104 484 ut
1143 453 1200 484 ea
1241 437 1578 486 deficientibus
1618 439 1840 487 testimo-

157 511 253 560 niis
277 511 462 558 nemini
488 510 874 558 adiudicaverim
897 511 993 559 nisi
1016 511 1143 558 huic,
1176 511 1383 559 Accedit
1407 512 1645 560 alterum:
1680 512 1842 574 Scrip-

158 585 225 633 sit
256 584 523 632 Menander
553 585 775 632 fabulam
811 584 1147 645 Citharistam,
1187 585 1239 632 in
1271 602 1373 647 qua
1404 586 1647 633 Phaniam
1690 603 1839 648 quen-

159 659 274 707 dam
305 661 470 719 partes
496 660 655 721 egisse
682 676 706 705 e
732 659 788 706 fr.
827 662 851 705 1
882 659 1128 718 discimus,
1160 661 1211 705 in
1238 660 1408 706 charta
1438 662 1604 708 autem
1627 660 1844 708 Phanias

159 734 418 781 citharista
461 735 535 780 ita
578 735 988 780 commemoratur
1032 729 1143 798 (96,
1187 727 1299 799 99),
1344 737 1401 781 ut
1439 735 1542 781 eius
1588 737 1754 796 partes
1793 734 1844 781 in

159 807 333 854 fabula
363 807 513 854 fuisse
538 808 855 855 manifestum
880 807 956 854 sit.
997 807 1213 854 Permire
1237 808 1429 855 luderet
1451 808 1685 869 Fortuna,
1726 810 1768 855 si
1796 810 1847 856 et

159 881 212 928 in
243 881 416 928 fabula
446 881 705 928 Menandri
745 884 794 928 et
832 883 884 928 in
925 882 1178 929 comoedia
1221 883 1347 929 alius
1386 884 1562 943 poetae
1602 882 1847 929 simillimi

159 955 375 1002 Phanias
402 955 660 1002 citharista
684 957 737 1002 in
762 971 985 1003 scaenam
1013 955 1243 1003 inductus
1262 958 1399 1003 esset.
1441 956 1653 1004 Possunt
1678 960 1847 1003 autem

160 1045 233 1089 ea,
266 1045 391 1090 quae
416 1029 467 1075 in
491 1045 681 1090 papyro
708 1029 766 1076 de
791 1029 982 1076 Phania
1007 1029 1267 1077 citharista
1294 1032 1561 1077 narrantur
1586 1022 1678 1096 (96
1699 1023 1846 1097 sqq),

161 1103 416 1150 conciliari
440 1119 551 1150 cum
575 1105 659 1163 eis,
692 1119 817 1165 quae
850 1119 907 1149 ex
938 1106 1098 1165 primo
1124 1103 1381 1151 Menandri
1406 1104 1685 1152 comoediae
1713 1104 1845 1166 frag-

160 1181 326 1224 mento
351 1177 409 1223 de
435 1177 656 1225 Phaniae
681 1178 966 1225 condicione
993 1179 1332 1239 comperimus.
1375 1177 1563 1234 Quibus
1592 1180 1846 1240 perpensis

161 1251 390 1312 equidem
442 1268 688 1313 papyrum
728 1251 987 1299 Menandri
1033 1267 1136 1300 esse
1182 1268 1338 1312 paene
1383 1255 1592 1312 certum,
1637 1268 1694 1298 ex
1741 1254 1847 1299 eius

162 1325 435 1373 Citharista
467 1328 718 1386 sumptam
751 1341 854 1374 esse
887 1326 1151 1372 admodum
1182 1325 1436 1387 probabile
1468 1326 1647 1373 iudico.

235 1398 495 1459 Volumen‚
529 1401 667 1447 cuius
701 1402 860 1447 exstat
891 1401 1226 1462 fragmentum
1261 1402 1329 1446 24
1356 1416 1430 1447 cm
1464 1401 1635 1459 altum,
1678 1402 1744 1447 22
1772 1416 1849 1447 cm

162 1474 334 1532 latum,
373 1473 533 1534 primo
573 1490 618 1535 p.
663 1472 771 1521 Chr.
813 1491 858 1520 n.
900 1474 1093 1521 saeculo
1140 1474 1436 1521 nitidissime
1483 1475 1720 1535 scriptum
1761 1476 1846 1521 est.

163 1547 372 1594 Servata
404 1550 478 1594 est
515 1564 617 1594 una
655 1548 887 1596 columna
924 1563 1154 1595 versuum
1189 1550 1255 1595 34
1296 1565 1450 1609 paene
1497 1548 1712 1611 integra,
1753 1548 1850 1594 nisi

165 1621 295 1683 quod
326 1621 524 1668 litterae
555 1622 607 1668 in
638 1627 780 1682 parte
812 1623 1062 1683 superiore
1103 1622 1246 1670 valde
1279 1623 1489 1669 detritae
1536 1624 1672 1681 sunt,
1714 1624 1848 1669 ante-

164 1694 379 1743 cedentis
415 1697 609 1743 exstant
640 1695 861 1756 syllabae
888 1698 1149 1756 extremae,
1188 1696 1493 1757 insequentis
1522 1697 1587 1743 33
1614 1711 1847 1743 versuum

163 1771 330 1831 partes
362 1770 569 1830 priores,
617 1771 778 1817 textus
820 1770 1114 1832 corruptelis
1154 1786 1308 1832 paene
1339 1770 1465 1817 liber
1497 1773 1583 1816 est.
1633 1769 1848 1830 Scriptio

164 1844 313 1905 plena
358 1844 608 1890 interdum
649 1846 865 1891 occurrit
905 1838 1013 1909 (36,
1055 1845 1140 1903 48,
1183 1839 1292 1908 50),
1341 1844 1653 1906 apostrophi,
1699 1843 1848 1891 inter-

165 1917 447 1979 punctionis
479 1920 650 1978 notae,
682 1919 1006 1980 paragraphi,
1037 1933 1354 1980 personarum
1396 1920 1543 1965 notae
1582 1918 1728 1979 plane
1769 1917 1848 1964 de-

166 1993 295 2050 sunt,
318 1993 616 2038 mutationes
642 2007 966 2053 personarum
981 1993 1178 2054 punctis
1205 1994 1465 2055 geminatis
1496 1991 1849 2053 significantur.

238 2065 297 2112 In
331 2067 492 2126 prima
517 2066 759 2124 columna,
793 2067 931 2112 cuius
963 2066 1203 2128 reliquiae
1231 2066 1376 2113 valde
1403 2067 1553 2113 exiles
1579 2068 1708 2125 sunt,
1735 2065 1850 2112 adu-

166 2139 351 2185 lescens
384 2139 565 2200 aliquis
599 2155 708 2186 cum
739 2140 944 2187 muliere
986 2133 1069 2206 (2)
1111 2141 1407 2201 colloquitur
1455 2140 1514 2187 de
1555 2155 1719 2186 amore
1760 2154 1850 2186 suo

167 2206 241 2277 (4,
285 2215 330 2273 7,
376 2214 456 2273 15,
500 2215 582 2273 19,
625 2208 733 2278 20),
787 2215 839 2260 in
887 2214 1045 2261 altera
1096 2214 1399 2274 adulescens,
1449 2214 1655 2260 fortasse
1706 2212 1850 2271 idem,

168 2288 325 2334 amico
351 2290 536 2346 narrat,
562 2303 610 2335 se
637 2288 817 2334 alicubi
841 2288 1083 2351 virginem
1110 2287 1346 2335 Graecam
1372 2287 1575 2335 divitem
1599 2289 1650 2333 in
1679 2288 1849 2333 matri-

167 2361 388 2406 monium
434 2360 627 2408 duxisse
677 2354 960 2426 (35-40),
1010 2378 1155 2422 quam
1190 2362 1274 2407 ubi
1315 2361 1380 2408 sit
1427 2376 1476 2408 se
1517 2361 1617 2407 iam
1650 2362 1851 2419 nescire,

167 2435 341 2480 timere
374 2450 437 2491 se,
478 2452 537 2480 ne
572 2435 690 2496 quid
728 2437 780 2481 in
819 2437 947 2482 mari
987 2437 1031 2482 ei
1064 2435 1296 2482 acciderit
1328 2427 1619 2499 (44—48);
1660 2435 1852 2494 reliqua

168 2508 483 2555 consulturus
525 2523 634 2555 cum
667 2510 824 2556 amico
859 2510 963 2555 abit
994 2511 1045 2555 in
1078 2510 1266 2569 forum,
1307 2508 1592 2568 nescioquis]
1624 2508 1676 2554 in
1710 2508 1851 2555 aedes

168 2583 360 2643 portari
382 2582 520 2628 iubet
544 2576 824 2646 (49—52).
865 2582 1067 2630 Praeter
1091 2588 1179 2630 has
1205 2583 1348 2629 aedes
1382 2583 1568 2629 alterae
1601 2582 1650 2627 in
1678 2597 1851 2629 scaena

170 2658 283 2701 sunt
315 2656 458 2714 senis,
491 2655 569 2703 cui
600 2656 808 2703 fortasse
840 2672 1018 2704 nomen
1050 2657 1277 2703 Lachetis
1312 2650 1391 2720 (fr.
1420 2649 1475 2720 4)
1511 2655 1626 2701 dare
1683 2670 1850 2716 possu-

170 2745 290 2776 mus.
336 2729 430 2775 Hic
461 2729 559 2776 iam
593 2729 760 2790 prodit
799 2730 1098 2790 lepidissime
1139 2733 1306 2777 iocans
1339 2730 1396 2775 de
1431 2729 1851 2780 filiiMoschionis

170 2802 421 2862 ipsiusque
463 2804 567 2849 vita
600 2797 881 2868 (53—65).
932 2804 1101 2860 Filius,
1138 2805 1223 2864 qui
1255 2806 1446 2863 patrem
1471 2818 1582 2849 rure
1608 2803 1657 2848 in
1683 2802 1852 2848 urbem

249 2960 290 3010 1)
322 2957 503 3012 inspice
536 2970 706 3011 quaeso
740 2957 1037 3012 soliloquium
1071 2959 1189 3001 senis
1225 2962 1411 3002 53—65.
