1974 3100
677 131 755 176 ΕΠ
758 131 921 175 ΙΤΡΕΠ
922 129 1104 174 ΟΝΤΕ(

148 312 156 320 .
185 311 194 320 .
222 312 230 320 .
261 313 267 319 .
297 304 307 319 .-
334 308 940 320 .................
954 267 1250 329 πολλαχοῦ.
1297 263 1346 314 τί
1384 262 1448 325 δή

0 372 75 412 too
149 400 160 409 .
190 402 194 406 .
224 397 794 409 ................
824 400 828 404 .
859 396 869 406 .
896 396 907 405 .
971 355 1238 419 .πε’μπειν,
1276 352 1366 404 ἵνα

148 485 904 498 .....................
918 444 985 495 τὰ
1024 443 1267 508 χρήματα

149 574 941 587 ......................
957 550 1012 584 -ν
1050 532 1201 595 ἡλίκη

148 663 864 676 ....................
881 621 1164 689 βού]λομαι

150 752 866 764 ....................
883 709 1116 763 δέεποιν’
1156 710 1335 761 οἰκίας.

0 815 76 855 ιο5
152 840 1057 853 .........................
1073 799 1286 862 (ιμμίαε

157 929 908 942 .....................
926 890 989 951 νὴ
1029 888 1125 939 τὸν
1165 887 1353 939 Ἥλιον

149 1020 978 1032 .......................
993 977 1192 1040 ταύτην
1234 978 1340 1038 ἐγώ

151 1108 1015 1120 ........................
1030 1067 1125 1118 τὰ(
1166 1065 1340 1130 ὀφρῦς

354 1157 468 1210 quot
500 1168 657 1198 versus
690 1153 844 1197 desint
874 1166 967 1196 non
999 1153 1183 1196 constat

152 1255 1240 1269 ..............................
1256 1231 1333 1265 τι(

0 1320 79 1359 210
154 1345 1207 1358 ............................
1228 1309 1329 1355 -θυὶ

150 1523 1170 1536 ............................
1198 1500 1335 1534 -εται

150 1614 1095 1625 ..........................
1121 1575 1217 1623 τοῦ
1261 1572 1376 1636 βίου

151 1707 158 1713 .
188 1707 195 1714 .
224 1705 234 1714 .
263 1710 266 1712 .
299 1703 1060 1714 .....................
1087 1665 1183 1713 τοῦ
1225 1665 1517 1725 δυστυχοῦς

0 1765 80 1804 415
152 1793 950 1803 ......................
978 1752 1073 1803 τὸν
1115 1754 1341 1814 δυετυχῆ

155 1881 909 1893 .....................
935 1855 986 1891 ν·
1029 1840 1147 1892 ἀλλ’
1178 1840 1303 1891 'ictuc
1344 1840 1451 1900 ἐγώ

154 1971 835 1982 ..................
863 1948 931 1981 -ω
973 1947 1030 1981 τε
1069 1933 1178 1981 τῶν
1220 1929 1363 1993 ἐμῶν

145 2021 363 2085 πράττω
376 2061 835 2071 .............
861 2037 917 2070 -ν
958 2020 1054 2082 τὴν
1096 2018 1363 2081 θυγατέρα

155 2150 873 2160 ....................
902 2108 1021 2160 εἴεω
1064 2109 1147 2159 καὶ
1188 2108 1377 2170 εχεδόν

0 2211 83 2250 420
156 2239 842 2251 ...................
870 2214 973 2249 -Vel
1001 2237 1311 2248 .........

544 2285 713 2328 desunt
742 2296 901 2327 versus
934 2283 1029 2327 fere
1064 2287 1118 2325 23

1664 124 1736 175 45

149 2699 245 2744 403
288 2699 439 2755 suppl.
472 2700 555 2743 Ro.
708 2698 803 2743 406
845 2697 995 2754 suppl.
1030 2697 1125 2740 Les.
1278 2696 1374 2740 414
1416 2697 1565 2754 suppl.
1600 2697 1651 2739 K.
1694 2700 1743 2741 (ὺ

62 2775 287 2828 δυετυχήε
333 2774 415 2817 Ro.
576 2772 668 2817 417
719 2776 909 2829 πράττω
960 2772 1109 2815 versui
1165 2771 1378 2826 sequenssi
1433 2771 1599 2814 tribuit
1648 2770 1743 2822 Ro..

62 2849 251 2902 πράττω
284 2853 381 2892 τῶν
413 2850 538 2902 ἐμῶν
571 2848 661 2891 Leo
