1974 3100
183 90 218 133 L
863 89 1202 134 PRAEFATIO

259 229 472 279 Schedas
503 229 529 278 I
559 231 610 278 013
639 229 691 278 Π
721 245 822 278 11011
853 229 1071 278 eiusdem
1101 230 1214 279 folii
1237 246 1340 279 esse
1364 232 1488 280 satis
1513 232 1722 292 constat,
1751 247 1869 279 nam

184 319 242 352 ea
273 320 399 366 quae
429 306 484 352 in
513 303 566 352 H
595 305 878 366 narrantur,
922 304 1059 352 nullo
1097 304 1245 353 modo
1285 320 1396 352 cum
1426 304 1452 352 I
1493 304 1727 368 coniungi
1756 320 1867 368 pos-

182 380 319 440 sunt3
357 395 477 426 num
507 377 584 425 ΙΠ
615 393 726 426 011111
758 378 999 426 alterutra
1030 378 1305 427 cohaeserit
1334 394 1434 427 non
1464 378 1636 441 liquet.

256 451 387 509 Quid
403 452 462 500 de
480 452 658 500 scheda
674 451 886 500 secunda
902 453 1113 501 sentiam
1129 467 1279 514 supra
1297 445 1367 518 (p.
1381 451 1553 500 XVIH
1561 446 1692 519 sqq.)
1709 452 1866 502 fusius

182 527 395 588 narravi,
426 528 585 575 restat
607 528 666 574 ut
688 525 747 573 de
771 526 932 588 prima
955 542 1114 588 pauca
1138 526 1331 574 addam.
1379 526 1622 591 Paginam
1650 528 1867 589 priorem

180 599 459 648 Phasmatis
490 600 753 664 prologum
791 600 1040 649 continere
1063 600 1096 647 J
1100 600 1320 649 ernstedt
1342 601 1524 648 collato
1547 601 1655 649 loco
1680 601 1869 650 Donati

181 667 270 740 (ad
294 674 400 722 Ter.
426 674 552 722 Eun.
575 674 700 736 prol.
726 677 773 736 9,
805 674 937 722 infra
959 691 1007 736 p.
1035 669 1166 741 206)
1196 674 1474 722 luculenter
1496 674 1866 738 demonstravit,

180 764 295 795 nam
325 764 452 810 quae
482 748 598 796 inde
631 764 660 796 a
691 764 839 797 versu
872 750 900 796 9
942 751 1222 810 narrantur,
1261 749 1408 811 plane
1447 750 1726 812 congruunt
1754 764 1867 798 cum

179 821 367 870 Donati
395 821 558 870 verbis
590 822 835 885 „Phasma
864 838 1042 870 nomen
1064 823 1266 871 fabulae
1287 822 1548 870 Menandri
1571 824 1659 884 est,
1688 824 1744 871 in
1767 825 1866 886 qua

180 911 391 944 noverca
433 896 730 958 superducta
761 897 1065 945 adulescenti
1103 896 1363 960 virginem,
1412 913 1561 958 quam
1606 913 1664 944 ex
1703 898 1865 947 vicino

179 970 395 1031 quodam
426 973 732 1032 conceperat,
773 970 948 1019 furtim
989 970 1230 1033 eductam,
1270 986 1382 1019 cum
1411 970 1614 1024 haberet
1651 973 1705 1018 in
1742 972 1864 1021 late-

179 1044 280 1093 bris
327 1044 461 1106 apud
507 1045 726 1093 vicinum
770 1044 1050 1106 proximum
1094 1045 1187 1093 1100
1232 1044 1378 1093 1110ᾶο
1433 1060 1597 1093 secum
1649 1045 1866 1095 habebat

180 1117 377 1166 assiduo
409 1118 545 1166 nullo
579 1117 795 1167 conscio:
835 1121 1090 1182 parietem,
1134 1120 1223 1180 qui
1262 1118 1456 1167 medius
1495 1118 1625 1167 inter
1664 1118 1864 1168 domum

179 1193 349 1240 mariti
381 1208 438 1241 ac
468 1192 623 1241 vicini
652 1193 832 1254 fuerat,
864 1194 939 1241 ita
977 1193 1195 1255 perfodit
1217 1194 1277 1241 ut
1299 1193 1407 1255 ipso
1431 1193 1648 1241 transitu
1671 1208 1864 1255 sacrum

179 1266 341 1314 locum
373 1282 476 1315 esse
509 1267 766 1315 simularet
797 1283 1005 1328 eumque
1035 1268 1304 1315 transitum
1334 1263 1615 1315 intenderet
1638 1268 1782 1316 sertis
1806 1283 1864 1317 ac

178 1339 349 1388 fronde
388 1341 524 1388 felici
561 1357 665 1389 rem
704 1341 927 1389 divinam
969 1357 1114 1403 saepe
1152 1342 1338 1389 faciens
1378 1342 1428 1388 et
1465 1343 1664 1389 vocaret
1710 1341 1773 1389 ad
1811 1358 1863 1391 se

178 1412 466 1478 virginem.“
521 1415 735 1463 Videtur
758 1418 924 1463 autem
954 1416 1192 1478 prologus
1223 1431 1322 1464 non
1355 1415 1416 1462 ab
1448 1431 1546 1463 uno
1579 1414 1669 1462 deo
1695 1415 1863 1478 aliquo

178 1489 490 1549 pronuntiari
521 1489 607 1537 sed
638 1489 699 1537 ab
732 1489 919 1538 duobus
952 1490 1030 1537 vel
1056 1490 1158 1537 deis
1182 1490 1263 1537 vel
1294 1489 1629 1549 daemonibus,
1660 1490 1788 1537 sicut
1810 1490 1862 1537 in

178 1562 465 1610 Trinummo
496 1563 729 1612 Plautino
754 1563 973 1611 Luxuria
1004 1565 1054 1611 et
1075 1564 1253 1625 Inopia
1283 1563 1595 1624 inducuntur,
1618 1579 1735 1610 nam
1758 1564 1862 1612 dia-

177 1636 279 1700 logi
324 1639 537 1701 vestigia
581 1639 635 1685 in
680 1637 852 1699 primis
899 1637 1127 1686 versibus·
1173 1638 1420 1685 lacunosis
1463 1638 1585 1685 satis
1618 1639 1747 1685 certe
1779 1637 1860 1685 de-

177 1711 499 1772 prenduntur.
548 1711 606 1758 In
629 1713 815 1775 pagina
839 1711 996 1759 altera
1010 1711 1234 1760 videmus
1252 1711 1477 1758 Phidiam
1498 1711 1863 1760 adulescentem

177 1784 394 1833 numinis
418 1785 529 1834 visu
552 1786 833 1847 perculsum
858 1801 971 1832 cum
993 1785 1171 1833 liberto
1186 1778 1227 1851 ¹)
1253 1784 1468 1846 quodam
1484 1785 1861 1846 colloquentem,

178 1857 264 1919 qui
308 1858 609 1920 lepidissime
656 1860 759 1908 eius
798 1860 1176 1908 melancholiam
1214 1859 1364 1907 fluere
1404 1875 1429 1907 0
1468 1860 1574 1907 vita
1613 1861 1772 1907 otiosa
1811 1862 1861 1907 et

176 1931 315 1980 molli
354 1933 690 1981 demonstrare
730 1935 951 1982 conatur.
1019 1933 1237 1981 Fabulae
1276 1947 1592 1997 progressum
1631 1932 1859 1981 Donatus

175 2005 206 2054 l.
239 2006 271 2054 l.
303 2006 632 2055 adumbravit.

252 2165 292 2217 1)
328 2162 374 2204 Si
408 2176 564 2206 servus
599 2167 733 2219 esset,
767 2177 999 2208 annonam
1030 2177 1121 2206 non
1154 2164 1336 2207 curaret
1368 2165 1548 2219 (30sq.).
