1980 3168
195 77 302 131 186
942 76 1132 122 ΚΟΛΑΞ

593 416 973 489 Fragmenta
1011 416 1273 470 aliu-nde
1311 420 1476 471 nossa.
1512 403 1515 406 .

1014 596 1059 648 1.

184 726 377 800 (Μαγ.)
411 730 635 793 ςπονδή·
661 729 813 782 δίδου
830 730 890 782 ςὺ
908 728 1168 795 ςπλάγχν’
1176 728 1515 783 ἀκολουθῶν·
1532 709 1628 782 ποῖ
1645 729 1877 795 βλέπεις;

407 819 631 883 ςπονδή·
673 818 796 884 φέρ>
828 818 872 870 ὦ
912 822 1012 871 παῖ
1050 818 1238 872 Εωςία·
1279 819 1507 883 ςπονδή·
1545 820 1722 871 καλῶς

407 908 531 972 ἔχει.
585 910 729 960 θεοῖς
760 907 1070 973 Ὀλυμπίοις
1109 907 1388 974 εὐχώμεθα
1450 968 1452 971 v

406 995 733 1060 Ὀλυμπίοιο,
773 999 898 1049 πᾶςι
937 996 1154 1049 πάςαις·
1194 995 1431 1062 λάμβανε

319 1098 343 1137 5
405 1087 505 1150 τὴν
543 1088 806 1148 γλῶτταν.
863 1086 950 1138 ἐπὶ
988 1085 1164 1155 τούτῳ
1204 1086 1411 1139 διδόναι
1452 1086 1729 1151 ςωτηρίαν,

405 1174 624 1236 ὑγίειαν,
666 1173 844 1237 ἀγαθὰ
882 1174 1075 1238 πολλά,
1115 1178 1225 1228 τῶν
1265 1174 1444 1228 ὄντων
1481 1192 1542 1228 τε
1579 1178 1678 1228 νῦν

406 1262 626 1325 ἀγαθῶν
668 1262 849 1327 ὄνηςιν
889 1266 1034 1316 πᾶςι·
1078 1263 1223 1317 τοῦτ’
1258 1264 1551 1329 εὐχώμεθα.

335 1408 508 1454 Athen.
541 1408 649 1452 XIV
673 1409 803 1453 659d
836 1431 892 1446 =
925 1408 981 1452 fr.
1007 1413 1093 1453 292
1120 1408 1177 1452 K.
1208 1411 1482 1464 Μένανδρος
1515 1411 1564 1454 ἐν
1599 1410 1765 1454 Κόλακι
1794 1410 1880 1454 τὸν

179 1488 278 1527 τοῖς
320 1486 632 1539 τετραδιςταῖς
671 1485 1035 1538 διακονούμενον
1068 1485 1286 1539 μάγειρον
1319 1485 1369 1528 ἑν
1407 1488 1465 1541 τῇ
1504 1487 1590 1539 τῆς
1618 1483 1879 1538 Πανδήμου

183 1556 463 1613 Ἀφροδίτης
486 1559 624 1614 ἑορτῇ
650 1563 771 1602 ποιεῖ
792 1561 929 1602 ταυτὶ
952 1558 1169 1611 λέγοντα·
1262 1556 1291 1600 2
1317 1558 1356 1601 ὦ
1379 1560 1639 1602 πλειωωςια
1663 1558 1734 1614 Α.,
1766 1569 1882 1602 corr·

181 1630 346 1685 Piers.;
387 1634 512 1676 καλῶ
545 1632 614 1685 Α.,
648 1643 768 1678 corr.
793 1630 914 1674 Mus.
1036 1630 1068 1675 3
1100 1632 1239 1685 εὔχου
1271 1632 1343 1685 Α.,
1384 1643 1501 1677 corr.
1531 1630 1643 1676 Wil.
1767 1631 1796 1676 5
1829 1634 1880 1677 ἐν

182 1706 252 1758 Α.,
285 1718 396 1749 corr.
430 1705 570 1749 Mein.
698 1705 721 1748 7
757 1706 946 1761 ὀνηςιαν
978 1706 1047 1757 A.‚
1082 1718 1196 1749 corr.
1230 1703 1331 1748 Cas,

1005 1886 1052 1937 2.

807 2016 980 2089 (Βίας)
1022 2019 1250 2072 κοτύλας
1290 2022 1506 2085 χωροῦν
1547 2021 1676 2072 δέκα

257 2108 315 2160 ἐν
358 2107 709 2175 Καππαδοκίᾳ
747 2107 912 2161 κόνδυ
954 2111 1185 2172 χρυςοῦν
1226 2107 1485 2173 (τρουθία

259 2197 368 2259 τρὶς
401 2197 610 2250 ἐξέπιον
644 2196 834 2259 μεςτόν
866 2196 929 2258 γ’.
983 2193 1148 2266 ((τρ.)
1180 2195 1535 2261 Ἀλεξάνδρου
1569 2197 1736 2250 πλέον

255 2287 351 2337 τοῦ
394 2285 646 2349 βαςιλέως
685 2284 954 2336 πέπωκας.
1012 2281 1135 2355 (Βι.)
1177 2285 1276 2337 οὐκ
1316 2284 1556 2347 ἔλαττον,
1598 2286 1662 2338 ού

255 2373 326 2437 μὰ
363 2374 461 2436 τὴν
493 2372 734 2436 Ἀθηνᾶν.
791 2370 956 2442 (Ετρ.)
998 2374 1132 2437 μέγα
1171 2390 1247 2434 γε.

327 2516 497 2561 Athen.
531 2516 572 2559 X
612 2521 734 2561 4340
771 2540 827 2554 =
859 2517 914 2561 fr.
950 2521 1035 2561 293
1075 2517 1130 2562 K.
1187 2520 1461 2573 Μένανδρος
1508 2520 1559 2563 δὲ
1606 2520 1656 2563 ἐν
1705 2518 1871 2563 Κόλακί

183 2604 342 2646 φηςιν·
384 2606 423 2634 v.
460 2595 573 2635 1—-2
606 2591 773 2634 Athen.
808 2590 871 2634 XI
901 2595 986 2634 477
1006 2590 1037 2634 f.
1160 2590 1190 2634 3
1225 2593 1356 2637 ἔπιον
1387 2591 1465 2646 Α.,
1500 2605 1613 2636 corr.
1646 2591 1866 2647 Bentley3

180 2664 238 2708 ef.
277 2664 400 2707 Plub.
441 2665 499 2707 de
538 2664 664 2709 adul.
699 2669 768 2718 13,
794 2669 895 2708 572„
934 2667 1140 2720 καθάπερ
1181 2667 1207 2709 ὁ
1248 2666 1498 2720 (τρουθίας
1531 2667 1867 2720 ’ἐμπεριπατῶν

178 2744 247 2795 τῷ
281 2739 437 2782 Βίαντι
477 2741 551 2782 καὶ
590 2741 961 2793 κατορχούμενος
1000 2742 1085 2793 τῆς
1117 2739 1406 2793 ἀναιςθηςίας
1438 2740 1584 2783 αὐτοῦ
1616 2744 1714 2783 τοῖς
1745 2738 1871 2783 ἐπαί-

178 2826 276 2855 νοις
307 2811 608 2866 Ἀλεξάνδρου
648 2816 732 2855 τοῠ
776 2813 991 2865 βαςιλέως
1031 2814 1173 2856 πλέον
1203 2813 1425 2857 πέπωκας
1546 2810 1577 2854 4
1615 2826 1720 2856 πεπ.
1754 2826 1793 2856 τ.
1829 2815 1868 2866 β.
1941 2846 1946 2855 ,

179 2886 248 2938 Α.,
282 2898 394 2928 corr.
427 2884 638 2940 Bentley.
