2032 3162
787 139 946 184 PRAE
954 139 1129 183 FATIO
1683 139 1811 182 XXV

119 280 324 329 infantis
354 283 566 330 matrem
597 281 944 329 inveniendam
973 284 1213 328 structam
1246 296 1348 330 esse
1381 279 1612 328 ostendit.
1666 280 1809 328 Post-

119 371 268 416 quam
307 372 353 404 v.
380 356 486 402 448
529 355 712 403 rectius
750 356 906 403 lectus
947 357 1035 413 est,
1074 355 1175 402 iam
1222 356 1444 416 apparet,
1483 353 1809 402 Habrotonon

118 428 431 491 Pamphilam
467 429 521 477 in
552 428 755 478 aedibus
786 444 886 476 non
925 428 1232 489 convenisse,
1272 429 1358 476 sed
1397 430 1570 491 agnita
1600 430 1809 489 nutrice,

116 518 244 564 quae
282 503 531 551 dominam
573 503 887 565 Tauropoliis
927 505 1166 551 comitata
1206 506 1325 564 erat,
1371 503 1533 550 totam
1562 518 1667 550 rem
1698 518 1806 564 per-

118 578 343 639 spexisse.
414 577 574 625 Ambo
608 576 863 625 Smicrinis
904 577 1048 625 aedes
1086 576 1299 637 intrant,
1348 591 1459 624 cum
1497 592 1558 623 ex
1596 575 1808 623 Charisii

116 650 260 700 domo
284 651 506 712 procedit
531 649 804 700 Onesimus.
860 651 956 698 Hic
979 651 1244 714 monologo
1269 650 1436 698 vivido
1462 643 1805 716 (457—486)

114 723 370 788 describit,
426 727 669 787 quantum
731 727 833 772 iam
894 726 1148 787 paeniteat
1213 724 1491 773 Charisium
1561 724 1805 773 crudelius

115 798 272 862 egisse
297 815 408 847 cum
431 815 599 860 uxore,
630 802 896 861 postquam
920 815 970 848 se
995 799 1160 860 ipsum
1184 799 1342 861 spurii
1363 798 1458 846 filii
1480 800 1673 860 patrem
1701 814 1804 847 esse

114 875 362 936 cognovit.
427 872 828 922 Consummatam
869 878 1037 921 autem
1078 873 1182 920 eius
1220 873 1581 935 paenitentiam
1622 888 1680 920 ac
1723 872 1805 920 de-

113 947 446 1007 sperationem
471 964 590 1008 esse,
623 963 733 995 cum
765 964 966 995 uxorem
999 949 1132 1009 patri
1162 948 1431 1010 flagitanti,
1462 950 1519 995 ut
1551 946 1614 994 ad
1646 962 1696 995 se
1728 963 1802 994 re-

111 1019 254 1084 diret,
295 1022 642 1083 obloquentem
682 1023 996 1070 auscultaret.
1059 1022 1136 1069 Ea
1177 1038 1302 1083 quae
1348 1037 1518 1069 servus
1550 1021 1805 1069 nuntiavit

110 1110 224 1143 mox
271 1095 499 1144 dominus
547 1096 818 1157 confirmat,
873 1098 961 1158 qui
1006 1097 1059 1143 in
1102 1095 1367 1157 soliloquio
1414 1111 1570 1157 paene
1624 1098 1804 1157 tragici

110 1169 288 1218 coloris
336 1171 571 1218 acerrime
619 1186 755 1218 suam
804 1186 987 1218 vanam
1035 1169 1317 1232 superbiam
1349 1161 1563 1233 castigat
1595 1164 1724 1236 (487
1731 1196 1801 1202 —

111 1240 256 1307 501).
321 1243 443 1292 Cum
483 1244 737 1306 soliloquii
778 1244 890 1291 finis
932 1244 1075 1305 desit,
1114 1260 1212 1291 non
1253 1245 1593 1305 comperimus,
1634 1246 1803 1290 utrum

107 1317 371 1379 Pamphila
392 1320 446 1366 in
472 1319 673 1366 aedibus
697 1318 867 1366 mariti
889 1319 1196 1379 remanserit,
1230 1335 1294 1366 an
1317 1320 1510 1380 patrem
1532 1320 1803 1365 instantem

106 1391 308 1440 tandem
346 1409 435 1454 per
464 1393 599 1440 horti
629 1393 896 1440 transitum
927 1394 981 1440 in
1013 1392 1118 1440 eius
1150 1392 1350 1441 domum
1382 1395 1551 1440 secuta
1583 1392 1661 1440 sit.
1693 1392 1803 1440 Hoc

106 1465 263 1514 Leoni
279 1468 438 1529 magis
455 1467 619 1528 placet
634 1470 840 1528 propter
849 1484 891 1514 v.
906 1468 1028 1528 542,
1042 1466 1127 1514 sed
1143 1467 1388 1514 incertum
1405 1466 1530 1513 mihi
1541 1460 1799 1531 videtur.1)

183 1539 397 1589 Charisii
426 1541 747 1603 soliloquium
779 1541 1096 1588 subsecutum
1122 1543 1196 1589 est
1219 1541 1526 1602 colloquium
1549 1541 1656 1588 eius
1690 1556 1803 1588 cum

105 1613 410 1675 Habrotouo,
444 1631 570 1676 quae
602 1618 762 1663 totam
792 1631 897 1662 rem
930 1617 976 1663 ei
1007 1616 1243 1677 explanat
1267 1609 1625 1680 (502—510).
1679 1613 1799 1662 Pro-

106 1689 187 1736 cul
219 1688 370 1736 dubio
398 1688 652 1737 Charisius
686 1688 857 1737 statim
890 1689 952 1737 ad
985 1705 1187 1737 uxorem
1219 1690 1479 1737 festinavit
1504 1705 1725 1750 eamque,
1758 1690 1802 1737 si

103 1763 156 1809 in
187 1762 345 1825 patris
386 1763 531 1811 aedes
564 1764 848 1824 transierat,
882 1764 943 1811 ad
977 1779 1027 1811 se
1058 1764 1266 1811 reduxit.
1323 1764 1449 1810 Tum
1482 1779 1539 1810 ex
1570 1762 1690 1810 urbe
1716 1763 1798 1809 ad-

104 1837 295 1885 venisse
325 1835 729 1885 Chaerestratum
761 1837 866 1885 veri
892 1837 1051 1885 simile
1079 1840 1166 1899 est,
1201 1839 1287 1899 qui
1311 1838 1364 1884 in
1390 1852 1565 1885 scaena
1587 1838 1801 1899 pessime

103 1914 299 1958 servata
347 1909 631 1960 Onesimum
679 1912 912 1959 libertate
960 1911 1143 1960 donare
1190 1912 1385 1959 videtur
1439 1904 1798 1975 (511—519).

104 1983 233 2040 Quid
258 1985 433 2033 deinde
466 1986 781 2034 devoraverit
811 1986 990 2034 lacuna
1022 2002 1256 2034 versuum
1288 1987 1389 2033 fere
1428 1988 1494 2033 70
1534 1985 1681 2046 plane
1715 1986 1796 2032 ob·

103 2073 299 2106 scurum
324 2062 410 2120 est,
436 2060 519 2108 sed
544 2061 694 2107 liceat
717 2060 839 2107 mihi
864 2060 1102 2107 audacius
1129 2060 1319 2121 aliquid
1343 2059 1403 2107 de
1421 2075 1597 2107 scaena
1614 2061 1799 2106 amissa

103 2134 346 2181 conicere:
378 2133 551 2182 Potuit
582 2133 959 2182 Chaerestratus
990 2136 1105 2196 post
1128 2133 1415 2182 Onesimum
1438 2135 1797 2192 manumissum

101 2205 350 2254 fidicinam
386 2223 579 2269 quoque
612 2208 844 2255 libertate
878 2208 1060 2255 donare
1093 2224 1314 2269 eamque,
1355 2223 1462 2255 cum
1496 2209 1549 2254 in
1584 2206 1795 2255 Charisii

102 2281 304 2328 aedibus
336 2297 534 2330 manere
566 2298 663 2329 non
696 2285 877 2343 posset,
917 2297 1082 2330 secum
1122 2284 1173 2329 in
1206 2283 1378 2329 urbem
1410 2281 1600 2329 ducere.
1665 2281 1795 2328 Huic

101 2355 411 2403 coniecturae
458 2356 610 2417 primi
649 2356 745 2404 duo
785 2370 955 2403 versus
995 2357 1107 2403 folii
1144 2356 1213 2420 Η3
1247 2349 1489 2420 (520sq.)
1522 2356 1687 2403 favere
1720 2356 1792 2402 vi-

101 2428 290 2476 dentur.
355 2430 469 2478 Non
500 2432 898 2491 praetermittam
930 2430 1066 2477 chori
1100 2435 1299 2478 cantum
1332 2430 1410 2477 vel
1443 2430 1574 2477 inter
1605 2446 1649 2476 v.
1685 2430 1793 2476 510

102 2504 150 2549 et
184 2503 285 2550 511
321 2503 400 2551 vel
432 2506 564 2550 inter
598 2505 701 2551 519
738 2506 787 2551 et
822 2505 928 2552 520
969 2505 1120 2551 inseri
1158 2519 1318 2565 posse,
1359 2505 1402 2551 si
1441 2503 1587 2551 modo
1620 2503 1796 2550 fabula

101 2577 508 2638 quinquepartita
542 2580 660 2624 erat.

177 2648 356 2699 Omnes
388 2652 489 2698 iam
526 2650 736 2699 Charisii
768 2651 1157 2713 Pamphilaeque
1182 2667 1259 2699 res
1284 2651 1564 2699 felicissime
1590 2652 1792 2698 cessisse

101 2724 264 2771 sciunt
296 2727 494 2785 praeter
524 2741 679 2771 unum
707 2724 1012 2773 Smicrinem.
1045 2725 1141 2772 Hic
1176 2725 1482 2787 Sophronam
1515 2725 1791 2772 maledictis

124 2934 126 2936 ,
179 2900 218 2949 1)
257 2893 570 2937 Wilamowitz
602 2908 678 2937 me
709 2898 870 2939 monet
911 2909 1065 2939 vocem
1099 2898 1311 2950 ἅρπαεμα
1353 2894 1616 2952 significare
1654 2907 1790 2949 posse

100 2951 509 3008 dilapidationem,
543 2952 599 2996 cf.
634 2954 847 2997 Aeschin.
882 2954 944 2996 111
977 2959 1075 2996 222.
