2032 3162
201 157 279 200 XL
882 155 1221 200 PRAEFATIO

200 298 371 359 typica
418 296 550 344 edita
596 299 670 344 est
717 312 746 343 a
794 298 1028 344 societate
1074 297 1490 360 palaeographica
1535 297 1840 345 Britannica.
1845 292 1885 364 1)

203 370 363 418 Codex
387 386 694 433 papyraceus
718 370 849 418 inter
873 386 1039 418 omnes
1065 370 1348 430 Menandri,
1374 386 1585 432 quorum
1609 355 1887 434 fragmenta

201 447 417 492 aetatem
449 445 693 505 tulerunt,
724 445 1091 492 recentissimus
1125 446 1220 505 est,
1253 445 1425 505 quinto
1463 462 1510 507 p.
1545 444 1654 493 Chr.
1694 462 1741 492 11.
1782 460 1885 492 sae-

199 519 311 571 culo
345 535 455 565 eum
489 519 746 581 assignant
776 519 987 566 editores
1016 518 1262 579 Britanni,
1303 517 1533 567 debemus
1567 519 1776 567 fortasse
1807 519 1886 567 vel

199 593 261 639 ad
277 595 469 639 sextum
493 592 798 639 descendere.
838 591 987 639 Liber
1011 594 1119 640 erat
1141 591 1344 655 grandis
1372 586 1515 658 (28,5
1535 601 1606 644 ><
1628 595 1744 654 17,7
1770 586 1886 659 cm),

197 667 412 727 litterae,
440 682 648 728 quarum
672 666 964 730 magnitudo
989 667 1256 713 admodum
1281 666 1457 727 variat,
1488 682 1734 728 procerae,
1774 666 1885 715 dex-

199 742 417 788 trorsum
456 739 747 800 inclinatae,
795 755 940 802 saepe
985 740 1119 788 inter
1165 755 1215 788 se
1262 740 1448 803 ligatae
1497 743 1624 788 sunt.
1670 740 1884 802 Scriptio

195 814 344 876 plena
391 829 504 861 raro
548 813 812 861 adhibetur
854 809 926 879 (4,
962 816 1008 875 9,
1042 816 1128 875 40,
1163 807 1273 880 67),
1321 815 1649 877 apostrophus
1694 830 1886 877 semper

196 889 298 936 fere
332 889 549 950 ponitur,
582 889 731 936 semel
770 891 882 950 post
926 884 1023 936 οὐκ
1064 881 1198 954 (18),
1237 904 1589 949 nonnunquam
1629 888 1681 935 in
1722 889 1887 936 media

196 977 313 1010 voce
347 962 471 1010 duae
505 965 828 1010 consonantes
863 963 1163 1024 apostropho
1197 965 1490 1024 separantur
1536 958 1646 1028 (17,
1680 964 1766 1024 43,
1799 963 1885 1022 48,

201 1037 286 1095 54,
322 1037 405 1096 67,
440 1030 548 1102 83).
589 1036 922 1083 Personarum
952 1036 1254 1084 mutationes
1293 1037 1373 1084 vel
1404 1036 1533 1086 binis
1565 1037 1644 1087 vel
1676 1037 1884 1101 singulis

196 1111 392 1171 punctis
421 1103 531 1175 (28,
566 1103 659 1175 34)
686 1112 942 1171 notantur,
967 1110 1308 1173 paragraphus
1332 1110 1579 1158 interdum
1606 1111 1816 1159 occurrit
1826 1104 1885 1177 ²),

195 1185 387 1232 coronis
420 1185 673 1232 invenitur
703 1186 817 1245 post
850 1185 932 1231 84.
976 1185 1158 1232 Textus
1189 1184 1380 1232 mendis
1413 1186 1590 1232 scatet:
1633 1184 1702 1232 Ut
1741 1186 1883 1233 omit-

192 1261 297 1304 tam
330 1259 530 1320 leviora,
571 1274 599 1306 o
633 1260 684 1306 et
715 1272 758 1306 ω
791 1274 1025 1320 persaepe
1056 1260 1187 1306 inter
1222 1275 1272 1307 se
1298 1261 1664 1306 commutantur
1696 1252 1769 1324 (5,
1799 1261 1883 1319 27,

195 1334 280 1394 29,
315 1334 399 1393 38,
442 1334 525 1393 61,
561 1333 646 1398 73,
687 1325 798 1398 84),
839 1333 999 1380 rarius
1041 1346 1118 1380 ου
1164 1334 1214 1380 et
1245 1347 1287 1380 ω
1329 1327 1464 1399 (42),
1508 1346 1572 1380 ου
1605 1335 1655 1380 et
1688 1346 1717 1380 ο
1752 1329 1884 1399 (31),

194 1420 245 1454 αι
286 1408 336 1453 et
378 1420 401 1454 ε
443 1399 579 1472 (46),
619 1421 650 1466 η
686 1409 735 1453 et
776 1420 800 1454 ε
845 1400 944 1472 (5),
985 1407 1208 1469 singulae
1250 1406 1470 1467 syllabae
1514 1401 1588 1473 (7,
1622 1409 1669 1466 8,
1705 1401 1796 1473 70)
1835 1410 1885 1454 et

191 1483 297 1529 tota
330 1480 484 1528 verba
515 1475 592 1547 (3,
635 1473 727 1546 34)
763 1481 1074 1528 omittuntur.
1121 1481 1288 1529 Pauca
1319 1480 1551 1528 librarius
1581 1482 1687 1542 ipse
1727 1496 1882 1528 corre-

192 1556 263 1601 xit
295 1547 407 1619 (36,
442 1548 548 1620 41).

266 1628 505 1689 Schedae,
553 1644 678 1689 quae
727 1644 756 1675 a
802 1630 937 1676 recto
984 1628 1174 1690 incipit,
1222 1630 1420 1691 paginis
1466 1630 1659 1676 numeri
1698 1642 1725 1688 ς
1766 1631 1814 1676 et
1857 1630 1882 1678 Z

191 1704 513 1764 superscripti
545 1704 677 1763 sunt,
711 1702 909 1750 videtur
930 1704 1087 1766 igitur
1112 1703 1263 1750 codex
1290 1703 1434 1750 aliter
1457 1702 1754 1764 compositus
1780 1718 1882 1751 esse

191 1779 339 1838 atque
378 1775 637 1836 Gairensis,
670 1777 833 1838 prima
865 1779 1049 1839 pagina
1089 1793 1187 1824 non
1219 1776 1584 1824 numerabatur.
1624 1776 1765 1823 Prior
1795 1793 1880 1838 pa-

189 1852 307 1912 gina
334 1852 418 1912 44,
446 1851 604 1898 altera
631 1851 700 1898 43
729 1865 896 1898 versus
923 1852 1158 1910 continet,
1184 1866 1351 1898 versus
1378 1851 1477 1898 fere
1504 1852 1610 1899 220
1634 1852 1686 1897 in
1712 1851 1882 1898 charta

191 1924 508 1972 antecessisse
540 1927 763 1986 possunt,
799 1925 883 1972 sed
915 1941 1025 1972 cum
1068 1927 1145 1972 tot
1175 1940 1343 1973 versus
1375 1924 1519 1973 initio
1564 1923 1762 1971 fabulae
1801 1924 1880 1972 de-

192 2014 294 2046 esse
343 1998 728 2060 haudquaquam
776 1998 1032 2060 probabile
1081 2001 1173 2060 est,
1219 1998 1417 2046 fabulae
1465 1996 1621 2055 γένο(
1669 1994 1878 2047 Μενάν-

190 2073 320 2132 δρου
354 2074 678 2134 praemissum
713 2088 817 2120 esse
851 2073 1059 2120 videtur.

262 2146 627 2210 Argumentum
679 2146 961 2194 comoediae
1010 2147 1102 2193 hoc
1149 2148 1250 2193 fere
1299 2149 1425 2193 erat:
1471 2146 1695 2208 Myrrina
1739 2146 1880 2209 virgo

190 2220 502 2268 Atheniensis
523 2236 551 2267 a
570 2219 827 2267 Cleaeneto
851 2220 1160 2268 adulescente
1180 2236 1457 2282 compressa
1474 2213 1566 2284 (86
1580 2214 1674 2284 sq.)
1699 2219 1879 2266 liberos

188 2293 424 2358 geminos,
448 2294 606 2341 filium
633 2293 870 2357 Gorgiam
896 2287 977 2359 (fr.
1001 2298 1026 2341 1
1058 2297 1106 2341 et
1132 2287 1187 2359 3)
1220 2297 1268 2341 et
1295 2294 1449 2340 filiam
1486 2295 1628 2340 enixa
1653 2294 1739 2341 est.
1785 2292 1880 2348 Qui

188 2367 331 2414 liberi
366 2384 394 2414 a
425 2370 584 2415 matre
616 2370 668 2414 in
703 2368 947 2431 angustiis
975 2368 1172 2415 educati
1199 2362 1279 2433 (fr.
1310 2361 1364 2432 2)
1392 2384 1501 2415 cum
1535 2367 1878 2427 adolevissent,

192 2439 399 2504 Gorgias
445 2459 558 2489 rure
592 2443 723 2503 apud
765 2444 958 2502 patrem
1003 2443 1232 2503 ignotum
1272 2457 1393 2503 opus
1433 2440 1571 2501 fecit,
1611 2456 1821 2501 eumque
1853 2456 1878 2487 e

192 2516 392 2563 vulnere
425 2516 645 2578 graviter
676 2516 983 2563 laborantem
1015 2518 1120 2562 tam
1146 2514 1313 2563 sedulo
1339 2514 1479 2574 fovit,
1512 2517 1570 2560 ut
1596 2529 1738 2561 senex
1766 2529 1875 2576 gra-

186 2589 312 2635 tiam
351 2590 596 2636 relaturus
641 2589 747 2637 eius
789 2604 1002 2636 sororem
1045 2589 1098 2636 in
1136 2588 1508 2636 matrimonium
1548 2588 1722 2635 ducere
1765 2603 1875 2635 con·

191 2662 419 2709 stitueret
451 2656 734 2729 (46—74).
782 2663 850 2710 At
881 2663 1048 2724 puella
1081 2678 1109 2709 a
1140 2663 1293 2710 vicini
1325 2662 1491 2709 divitis
1536 2661 1637 2708 filio
1670 2660 1877 2724 gravida

187 2736 383 2783 reddita
416 2738 501 2783 est.
558 2736 730 2783 Voluit
771 2752 885 2783 sane
932 2736 1217 2783 adulescens
1259 2752 1365 2783 eam
1411 2737 1463 2781 in
1511 2735 1874 2795 matrimonium

268 2908 309 2961 1)
343 2906 469 2948 Tom.
503 2905 565 2947 IV
599 2905 691 2948 tab.
729 2907 873 2961 74s75.

267 2966 308 3017 2)
342 2965 495 3019 Lapsu
529 2965 805 3019 typothetae
838 2964 1009 3008 omissa
1041 2966 1111 3007 est
1143 2964 1227 3007 sub
1261 2969 1315 3006 54
1351 2966 1396 3006 et
1429 2968 1496 3006 62.
