2032 3162
783 146 1124 190 PRAEFATIO
1703 147 1809 191 XIX

118 282 187 355 (v.
216 281 421 354 1—15)
462 302 512 335 se
552 287 604 334 in
645 303 756 334 eum
787 287 1158 335 vindicaturum
1198 302 1302 335 esse
1341 288 1562 335 minatur
1603 282 1669 353 (v.
1699 282 1805 354 27).
1840 341 1842 343 ,

117 361 188 410 At
201 362 324 410 haec
339 376 439 409 non
454 360 714 409 sufficiunt
730 360 794 408 ad
810 359 1075 409 Leeuweni
1093 361 1424 410 coniecturam
1444 361 1806 410 stabiliendam.

116 436 228 484 Iam
257 435 439 484 scimus
470 434 798 482 Menandrum
820 437 1003 483 iterum
1028 438 1178 497 atque
1202 437 1387 483 iterum
1412 435 1582 483 eadem
1606 438 1808 484 nomina

115 511 338 573 personis
362 509 582 557 eiusdem
612 508 795 557 indolis
825 508 1079 570 indidisse,
1111 525 1150 557 e.
1178 526 1249 573 gr.
1274 509 1495 558 Moschio
1520 509 1806 558 adulescens

117 584 332 632 occurrit
368 583 422 630 in
447 582 821 647 Periciromene,
865 582 1048 644 Samia,
1084 582 1370 645 Citharista,
1408 583 1805 646 Hypobolimaeo

117 652 199 724 (fr.
226 658 332 718 494
349 650 443 724 K),
484 657 657 705 fabula
686 659 879 705 incerta
908 657 957 719 I,
987 657 1191 705 Phidias
1225 658 1512 706 adulescens
1542 660 1596 705 in
1632 656 1805 706 Colace

116 735 167 780 et
211 731 499 792 Phasmate,
553 729 763 795 Gorgias
832 730 1118 779 adulescens
1176 734 1229 779 in
1275 731 1438 779 Heroe
1493 735 1543 779 et
1596 730 1804 795 Georgo,

115 806 302 854 Laches
343 821 490 854 senex
528 806 581 852 in
620 805 805 868 Heroe,
857 804 1150 866 Citharista,
1196 805 1474 863 Perinthia,
1521 806 1694 853 fabula
1731 807 1805 853 in—

116 882 250 928 certa
279 879 319 940 1,
359 879 584 942 Myrrina
615 882 846 927 matrona
875 879 929 927 in
960 879 1139 940 Heroe,
1181 879 1559 940 Periciromene,
1595 878 1803 942 Georgo,

114 954 339 1018 Plangon
369 955 512 1017 virgo
544 954 598 1000 in
621 953 783 1002 Heroe
817 955 867 1000 et
888 953 942 1000 in
969 954 1152 1015 Samia,
1176 954 1505 1002 Habrotonon
1528 954 1729 1002 fidicina
1752 955 1803 1001 in

113 1027 526 1091 Epitrepontibus
573 1031 624 1075 et
679 1027 733 1075 in
779 1027 1164 1088 Periciromene,
1222 1027 1483 1090 Sophrona
1534 1030 1702 1076 nutrix
1750 1028 1804 1075 in

112 1101 274 1149 Heroe
318 1104 368 1150 et
405 1102 459 1149 in
487 1101 924 1164 Epitrepontibus,
963 1102 1110 1150 Doris
1144 1103 1328 1150 ancilla
1360 1103 1411 1149 in
1442 1102 1803 1150 Periciromene

113 1178 161 1224 et
191 1178 244 1224 in
279 1175 471 1235 Colace,
504 1175 629 1224 Geta
661 1191 830 1224 servus
862 1178 914 1223 in
945 1176 1107 1224 Heroe
1142 1179 1191 1224 et
1221 1176 1275 1223 in
1306 1175 1577 1239 Perinthia,
1619 1176 1802 1224 Tibeus

113 1265 280 1298 servus
310 1251 365 1297 in
395 1250 560 1298 Heroe
605 1253 654 1298 et
693 1250 744 1297 in
783 1250 1058 1310 Perinthia,
1102 1251 1272 1298 Davus
1317 1266 1488 1298 servus
1530 1251 1582 1297 in
1626 1251 1802 1311 Heroe,

111 1324 536 1386 Epitrepontibus,
569 1324 926 1385 Perciromene,
959 1323 1168 1387 Georgo,
1200 1324 1469 1372 Perinthia.

185 1398 327 1445 Nihil
364 1399 524 1461 igitur
563 1414 588 1445 e
630 1397 841 1446 Charisii
885 1400 1084 1446 nomine
1127 1400 1311 1446 iterato
1356 1398 1583 1446 concludi
1622 1401 1800 1460 potest.

112 1472 221 1520 Iam
267 1471 428 1534 Capps
469 1473 734 1520 Leeuweni
777 1473 1001 1534 opinioni
1042 1488 1227 1521 novum
1270 1473 1486 1520 fulcrum
1526 1472 1801 1521 subdidisse

112 1545 206 1594 sibi
222 1546 421 1594 videtur
444 1547 676 1608 suppleto
701 1546 753 1593 in
777 1563 822 1594 v.
852 1548 916 1594 16
952 1547 1149 1595 nomine
1176 1546 1528 1610 Chaerestrati,
1558 1547 1644 1594 sed
1673 1563 1735 1595 ne
1759 1548 1802 1595 si

110 1622 241 1668 recte
290 1620 489 1682 quidem
534 1636 714 1668 nomen
761 1621 1085 1680 restituisset,
1129 1621 1182 1668 id
1222 1621 1354 1682 quod
1393 1620 1618 1683 equidem
1659 1637 1800 1684 nego,

110 1709 187 1742 res
226 1697 354 1743 esset
393 1694 680 1755 diiudicata,
718 1710 833 1742 nam
872 1695 1124 1742 nonnullis
1157 1694 1419 1743 comoediis
1460 1694 1557 1742 duo
1590 1695 1670 1742 vel
1701 1695 1800 1742 tria

109 1769 311 1816 nomina
343 1770 622 1816 communia
654 1771 792 1816 sunt:
831 1769 1054 1831 Myrrina
1085 1771 1329 1830 matrona,
1362 1768 1572 1832 Gorgias
1606 1769 1799 1816 adules-

111 1857 238 1905 cens,
270 1842 440 1891 Davus
466 1858 635 1891 servus
660 1845 856 1890 exstant
881 1846 931 1891 et
953 1843 1005 1890 in
1029 1843 1192 1890 Heroe
1218 1845 1269 1891 et
1291 1844 1345 1890 in
1371 1842 1579 1906 Georgo,
1610 1843 1798 1891 Laches

111 1931 270 1977 senex,
317 1917 503 1977 Davus,
553 1915 694 1979 Geta,
734 1917 915 1965 Tibeus
935 1911 976 1983 ¹)
1022 1917 1150 1965 servi
1191 1919 1241 1965 et
1279 1917 1329 1964 in
1369 1917 1627 1965 Perinthia
1666 1919 1717 1964 et
1746 1918 1797 1963 in

109 1990 283 2037 Heroe.

184 2064 310 2121 Quid
344 2065 475 2125 quod
506 2081 602 2112 non
636 2067 841 2113 nomina
872 2066 1030 2113 solum
1064 2066 1148 2113 sed
1180 2067 1333 2112 etiam
1363 2065 1486 2125 fata,
1530 2081 1655 2126 quae
1687 2081 1795 2126 per-

110 2153 259 2187 sonae
306 2139 522 2186 eiusdem
570 2140 783 2186 nominis
827 2141 1196 2201 perpetiuntur,
1242 2139 1295 2185 in
1336 2139 1670 2201 compluribus
1719 2155 1796 2186 co-

109 2213 315 2260 moediis
339 2215 643 2275 repetuntur.
683 2212 817 2260 Audi
834 2228 1016 2274 quaeso
1042 2214 1169 2261 hanc
1193 2213 1638 2261 narratiunculam:
1664 2214 1794 2274 Myr-

108 2288 219 2333 rina
253 2287 391 2349 virgo
424 2286 743 2335 Atheniensis
783 2288 844 2334 ab
878 2288 1192 2335 adulescente
1224 2288 1429 2348 violata,
1469 2287 1689 2349 geminos
1736 2287 1794 2333 li-

109 2359 251 2407 beros
273 2360 433 2407 filium
464 2360 717 2422 filiamque
750 2362 893 2408 enixa
927 2363 1014 2421 est,
1046 2361 1177 2409 filius
1204 2360 1411 2424 Gorgias
1438 2361 1637 2408 adultus
1663 2362 1794 2422 apud

109 2436 299 2495 patrem
338 2435 566 2498 ignotum
597 2451 708 2482 rure
742 2451 864 2496 opus
897 2436 1034 2495 facit,
1065 2435 1169 2482 filia
1201 2435 1263 2482 ab
1296 2436 1607 2483 adulescente
1632 2436 1793 2482 vicino

111 2508 319 2556 vitiatur
343 2508 395 2554 id
419 2508 553 2570 quod
577 2509 743 2570 palam
768 2509 837 2568 fit,
864 2525 972 2556 cum
999 2510 1126 2556 aliae
1151 2510 1355 2570 nuptiae
1381 2511 1425 2556 ei
1450 2511 1703 2570 parantur.
1724 2536 1790 2541 ——

110 2581 230 2637 Quis
261 2582 430 2630 credat
460 2583 581 2629 haec
615 2582 780 2630 omnia
811 2598 920 2630 cum
952 2583 1236 2630 nominibus
1274 2583 1523 2644 Myrrinae
1558 2581 1791 2646 Gorgiae-

109 2670 206 2715 que
236 2671 334 2703 non
371 2657 423 2702 in
463 2672 564 2703 una
607 2656 874 2717 comoedia,
914 2657 998 2705 sed
1029 2658 1083 2704 in
1115 2657 1329 2717 duabus,
1367 2658 1419 2703 in
1452 2656 1613 2703 Heroe
1653 2660 1702 2703 et
1739 2658 1791 2703 in

109 2727 301 2791 Georgo
333 2730 446 2792 legi.
494 2730 563 2777 At
595 2732 638 2777 si
670 2732 947 2778 accuratius
979 2747 1082 2777 rem
1112 2732 1446 2791 perquirimus
1470 2731 1558 2777 has
1583 2731 1790 2792 fabulas,

110 2802 288 2863 quibus
319 2805 396 2851 tot
425 2819 502 2850 res
530 2806 578 2850 et
602 2806 803 2850 nomina
828 2806 1108 2851 communia
1133 2807 1262 2864 sunt,
1294 2807 1399 2851 toto
1427 2805 1561 2851 caelo
1586 2806 1716 2851 inter
1740 2819 1789 2851 se

186 2960 226 3013 1)
258 2957 334 3000 hic
366 2958 415 3000 in
447 2958 597 3002 Heroe
631 2961 1017 3003 commemoratur
1049 2959 1210 3002 solum.

1470 3033 1523 3076 b*
