2032 3162
187 122 272 166 XX
863 120 1206 166 PRAEFATIO

186 262 369 310 distare
403 261 644 322 videmus,
680 276 738 308 ea
771 261 901 308 enim
933 263 1008 308 est
1039 276 1118 309 ars
1150 259 1424 322 Menandri,
1455 262 1515 308 ut
1544 263 1598 308 in
1629 260 1877 311 similibus>

185 336 524 384 fundamentis
557 334 821 382 dissimilia
853 334 1076 383 aedificia
1108 336 1343 383 exstruat.
1401 332 1688 383 Cavendum
1718 335 1873 399 igitur

186 412 275 470 est,
307 425 367 457 ne
399 409 719 457 festinantius
751 424 809 455 ea
841 423 968 470 quae
999 408 1184 456 similia
1208 410 1324 456 sunt
1348 407 1559 455 duarum
1591 408 1873 457 fabularum

186 483 273 531 uni
305 483 586 531 comoediae
620 482 920 530 addicamus.
959 482 1068 530 Iam
1100 483 1143 529 si
1174 482 1513 545 fragmentum
1542 482 1871 543 Petropolita-

185 574 304 605 num
336 556 684 618 circumspecte
716 570 826 603 cum
851 555 1262 618 Epitrepontibus
1295 570 1651 617 comparamus,
1686 572 1744 604 ea
1774 571 1874 605 non

185 633 239 679 in
270 631 496 679 omnibus
527 631 660 677 inter
691 645 742 678 se
766 645 1034 694 congruere
1052 632 1281 692 apparet.
1328 630 1402 677 Ac
1432 629 1647 692 primum
1671 630 1875 692 quidem

188 704 440 753 Charisius
462 704 848 766 Epitrepontum
874 704 1045 752 divitis
1069 703 1227 766 patris
1255 703 1390 751 filius
1418 706 1492 751 est
1522 697 1590 769 (v.
1611 705 1711 752 161
1726 697 1873 771 sqq.),

187 778 440 827 Charisius
458 777 823 840 Petropolitani
847 777 1116 841 fragmenti
1142 779 1308 825 omnia
1325 779 1469 825 uxori
1484 777 1659 828 debere
1676 778 1873 826 videtur

187 846 256 920 (v.
284 854 313 900 8
341 845 483 918 sqq.)
525 851 731 912 Deinde,
758 851 889 913 quod
912 853 1114 900 maioris
1138 853 1379 899 momenti
1402 854 1490 912 est,
1513 851 1599 899 ille
1622 851 1874 900 fidicinam

188 926 307 973 emit
331 929 380 974 et
403 927 456 973 in
481 941 596 974 suas
621 925 766 974 aedes
789 927 992 987 recepit,
1023 926 1077 972 id
1109 926 1241 987 quod
1275 924 1436 987 Capps
1470 925 1700 987 opinione
1730 941 1872 988 prae-v

186 1000 409 1048 iudicata
441 1000 682 1048 deductus
715 1001 903 1047 frustra
933 1002 1084 1063 negat
1095 993 1152 1066 1),
1183 1000 1264 1047 1110
1287 1000 1340 1046 111
1363 999 1595 1062 lupanari
1617 999 1875 1047 helluatur

187 1068 256 1140 (v.
269 1068 377 1138 10),
403 1089 625 1122 socerum
642 1089 755 1122 suas
774 1073 918 1122 aedes
934 1075 1145 1122 intrasse
1161 1073 1332 1136 nescit,
1350 1076 1617 1136 antequam
1634 1090 1663 1121 a
1680 1089 1872 1123 consor-

186 1148 318 1197 tibus
350 1147 614 1195 libidinum
639 1149 817 1196 certior
842 1147 932 1195 fiat
957 1141 1025 1213 (v.
1053 1142 1295 1214 25—32).
1344 1148 1472 1195 Tum
1505 1163 1590 1196 eae
1616 1163 1873 1209 personae,

188 1238 315 1283 quae
339 1225 537 1284 praeter
560 1237 796 1283 socerum,
820 1220 1076 1270 Smicrinis
1092 1222 1374 1285 gemellum,
1395 1221 1448 1269 in
1472 1237 1650 1270 scaena
1673 1237 1872 1270 versan-

187 1299 290 1356 tur,
329 1297 466 1343 nullo
506 1296 652 1343 modo
692 1296 1104 1358 Epitrepontibus
1143 1296 1384 1344 inculcari
1421 1297 1645 1357 possunt.
1710 1294 1872 1358 Capps

187 1372 333 1432 putat
358 1370 421 1418 ad
447 1370 738 1418 Smicrinem
766 1372 817 1418 et
845 1367 1149 1431 Onesimum,
1176 1372 1263 1432 qui
1282 1371 1472 1419 invisus
1498 1371 1601 1418 eius
1628 1369 1872 1430 querellas

189 1444 453 1505 auscultat,
486 1443 715 1491 accedere
740 1461 783 1491 v.
807 1445 871 1491 16
902 1443 1320 1506 Chaerestratum,
1354 1444 1438 1491 sed
1462 1460 1621 1506 neque
1646 1444 1871 1491 dominus

189 1534 332 1565 senex
365 1533 559 1568 seruum
594 1518 815 1579 appellat
847 1515 1138 1575 γλυκύτατε
1171 1511 1239 1582 (v.
1270 1513 1376 1584 17),
1416 1534 1575 1579 neque
1609 1516 1879 1566 Smicrines.

187 1592 318 1640 filiae
366 1607 589 1639 socerum
627 1593 882 1653 increpare
922 1594 1085 1652 potest
1125 1588 1223 1640 οὐκ
1263 1588 1336 1639 εἰς
1375 1588 1619 1652 κόρακας,
1660 1587 1869 1650 οἰμώξει

189 1662 359 1726 μακρά
401 1659 467 1732 (v.
496 1660 613 1732 24),
654 1682 812 1727 neque
853 1682 1022 1714 servus
1063 1666 1251 1712 domini
1289 1666 1422 1726 patri
1454 1665 1678 1713 confiteri
1708 1668 1873 1726 potest

189 1744 361 1800 optare
413 1755 463 1787 se
506 1742 562 1786 ut
595 1739 698 1787 eius
739 1740 885 1788 aedes
925 1742 1227 1788 evertantur.
1286 1738 1488 1800 Croiset,
1532 1741 1621 1800 qui·
1656 1740 1874 1800 priorem

190 1829 393 1861 scaenae
424 1816 619 1875 partem
651 1814 850 1861 omnino
883 1831 979 1862 non
1003 1814 1219 1875 respicit,
1253 1811 1538 1862 Onesimum
1572 1829 1681 1860 cum
1714 1828 1871 1874 coquo

189 1887 552 1949 colloquentem
598 1888 741 1949 facit,
789 1888 874 1935 sed
913 1903 1215 1950 quamquam
1256 1888 1465 1935 concedo
1506 1900 1672 1934 servos
1705 1887 1871 1934 fideles

188 1961 496 2009 dominorum
536 1961 679 2008 aedes
715 1962 964 2023 appellare
998 1964 1249 2022 „nostram
1292 1960 1535 2021 domum“,
1574 1964 1743 2008 tamen
1774 1976 1873 2009 non

189 2035 330 2083 credo
379 2032 662 2082 Onesimum
711 2051 793 2084 eas
840 2037 1096 2083 nominare
1136 2034 1231 2095 τὴν
1273 2034 1403 2096 ἐμὴν
1443 2031 1613 2084 οἰκίαν
1653 2030 1722 2099 (v.
1761 2028 1870 2099 31).

188 2109 415 2170 Denique
449 2125 596 2170 quam
631 2109 904 2157 arteficiose
938 2110 1218 2173 excogitata
1251 2112 1368 2157 sunt
1407 2125 1478 2163 ea,
1505 2108 1683 2171 quibus
1711 2107 1871 2170 Capps

188 2182 543 2243 discrepantias
587 2184 806 2230 locorum
847 2184 1021 2230 tollere
1066 2183 1247 2230 studet.
1304 2182 1546 2238 Quoniam
1590 2184 1784 2230 constat
1824 2185 1872 2229 et

189 2255 466 2304 Charisium
519 2257 788 2318 fragmenti
834 2257 1196 2318 Petropolitani
1243 2273 1340 2304 non
1387 2258 1572 2304 morari
1618 2257 1670 2302 in
1716 2256 1871 2316 ipsius

189 2331 405 2390 aedibus,
438 2332 488 2377 et
515 2329 788 2377 Charisium
813 2331 1194 2392 Epitrepontum
1224 2331 1276 2377 in
1304 2330 1637 2378 Chaerestrati
1668 2329 1871 2376 aedibus

187 2406 394 2464 versari,
435 2404 579 2467 fingit
618 2406 695 2452 vir
727 2405 899 2452 doctus
941 2405 1085 2452 aedes
1117 2405 1230 2452 illas
1265 2420 1293 2450 a
1327 2403 1671 2451 Chaerestrato
1703 2403 1873 2450 lenoni

187 2478 373 2525 locatas
408 2472 563 2543 esse2)
599 2504 653 2510 —
687 2480 840 2525 mirus
873 2494 988 2525 sane
1014 2479 1141 2537 leno,
1175 2478 1260 2539 qui
1293 2494 1390 2525 non
1421 2478 1473 2524 in
1505 2478 1623 2524 urbe
1649 2476 1733 2524 sed
1756 2493 1871 2524 rure

188 2551 401 2612 lupanar
439 2552 670 2598 instituit.
738 2553 807 2598 At
847 2554 889 2599 si
927 2553 1131 2600 abiectis
1172 2551 1579 2613 Epitrepontibus
1625 2551 1869 2613 fragmen·

188 2627 295 2671 tum
323 2625 747 2686 Petropolitanum
779 2643 865 2686 per
890 2642 939 2673 se
963 2626 1281 2686 interpretari
1307 2626 1572 2684 studemus,
1598 2624 1743 2671 facile
1769 2640 1868 2672 om-

262 2815 303 2922 ᾆέ
337 2810 976 2925 h1iq.oxp.n{2goa1sg1.cappsium
1015 2869 1115 2911 fieri
1154 2881 1309 2923 posse,
1357 2871 1407 2910 ut
1450 2868 1499 2909 in
1541 2868 1733 2910 aedibus
1775 2868 1868 2924 pri-

187 2927 304 2969 vatis
331 2928 547 2970 convivae
581 2928 742 2983 appoti
774 2928 1021 2970 molestent
1054 2927 1290 2969 fidicinam
1322 2942 1361 2969 v.
1390 2931 1472 2969 213
1499 2941 1566 2981 sq.
