2032 3162
204 90 310 135 VIII
392 101 397 106 ·
870 88 1212 133 PRAEFATIO

204 229 388 279 fabulis
414 231 546 278 certe
562 228 839 277 adiudicari
854 231 1076 291 possunt.
1109 227 1287 276 Herois
1303 242 1408 276 esse
1426 227 1484 289 Ο,
1506 229 1892 294 Epitrepontum

202 304 250 351 N
281 306 332 352 et
363 303 427 364 Q,
465 303 849 352 Peric'iromenes
880 302 927 350 K
956 301 1247 350 Lefeburius
1285 301 1388 350 iam
1419 307 1739 366 cognoverat,
1777 322 1891 354 mox

201 380 556 440 perspexerunt
571 377 905 424 Wilamowitz
930 378 981 423 et
1001 375 1178 423 Arnim
1201 376 1483 438 fragmenta
1505 377 1554 424 N
1577 380 1627 426 et
1650 379 1690 426 Τ
1717 380 1887 428 cohae-

202 467 323 512 rere,
356 451 532 512 quibus
557 451 696 498 Ricci
720 450 955 498 adnexuit
978 449 1044 510 M,
1074 449 1148 498 ita
1177 451 1236 497 ut
1265 450 1425 498 maior
1453 466 1571 512 pars
1594 452 1717 514 folii,
1750 455 1889 502 cuius

203 525 435 574 schedula
464 526 603 586 prior
633 524 678 572 D
712 526 801 587 est,
833 524 935 571 iam
965 523 1308 587 redintegrata
1332 523 1412 585 sit,
1443 524 1662 574 eiusdem
1685 526 1888 576 fabulae

202 614 306 648 esse
332 600 668 663 fragmentum
691 598 736 645 R
758 597 936 645 Arnim
959 597 1235 645 luculenter
1258 597 1628 647 demonstravit.
1675 599 1886 650 Restant

200 675 479 736 fragmenta
510 672 574 732 L,
605 671 666 733 P,
700 671 756 733 S,
797 687 1007 733 quorum
1047 671 1258 719 alterum
1298 687 1409 719 cum
1438 673 1599 734 primo
1631 675 1888 723 coniunxit

200 747 390 806 Arnim,
420 748 626 794 tertium
657 761 767 794 cum
800 746 957 793 altero
988 745 1147 793 Ricci:
1193 745 1284 793 has
1321 745 1528 794 lacinias
1561 762 1590 794 a
1621 747 1886 797 Lefeburio

202 819 397 868 Samiae
428 820 642 868 tributas
676 820 741 868 ad
771 821 999 882 quintam
1029 819 1267 880 fabulam,
1301 820 1438 868 cuius
1478 836 1658 869 nomen
1689 822 1886 886 ignora-

199 910 323 954 mus,
354 894 635 942 referendas
669 909 771 942 esse
803 909 970 942 omnes
1002 895 1055 940 ni
1085 893 1234 942 fallor
1263 894 1360 942 viri
1390 893 1523 943 docti
1552 897 1655 942 iam
1686 912 1885 945 consen-

199 970 336 1016 tiunt
366 971 563 1030 praeter
585 968 873 1015 Robertum.
922 967 1175 1016 Habemus
1197 967 1355 1032 igitur
1378 971 1488 1016 octo
1511 968 1649 1031 folia,
1674 986 1887 1031 quorum

200 1058 351 1090 unum
386 1038 452 1108 (D
475 1044 527 1100 -1-
545 1043 613 1105 N,
647 1042 709 1102 Τ,
741 1036 816 1109 Μ)
856 1057 1087 1090 mancum
1119 1043 1207 1103 est,
1247 1042 1368 1091 duas
1408 1042 1626 1104 schedas,
1665 1046 1884 1106 quinque

201 1116 490 1164 schedarum
513 1116 807 1180 fragmenta.
847 1116 927 1164 Ad
949 1117 1084 1177 haec,
1117 1132 1244 1178 quae
1268 1115 1508 1165 Lefebvre
1533 1117 1703 1179 edidit,
1725 1134 1884 1180 nuper

201 1193 508 1238 accesserunt
525 1190 620 1238 duo
637 1191 918 1254 fragmenta
932 1190 1117 1253 pusilla
1142 1185 1225 1255 (U,
1252 1184 1320 1256 V)
1345 1206 1376 1238 a
1390 1190 1559 1238 Riccio
1581 1192 1635 1238 in
1651 1191 1883 1255 Aegypto

200 1266 380 1326 empta,
413 1280 539 1326 quae
572 1281 630 1311 ex
661 1264 819 1312 Riccii
849 1265 1137 1328 apographo
1170 1263 1358 1312 edenda
1388 1264 1510 1311 mihi
1533 1264 1744 1329 benigne
1767 1281 1881 1315 con-

201 1338 345 1386 cessit
392 1338 675 1386 Theodorus
719 1338 940 1387 Reinach
986 1353 1254 1400 possessor.
1325 1338 1530 1386 Utinam
1577 1339 1885 1404 contingeret

201 1412 467 1473 aliquando
514 1413 603 1461 has
641 1413 849 1461 lacinias
889 1405 957 1478 (v.
990 1430 1037 1475 p.
1074 1405 1204 1479 150)
1242 1412 1376 1460 foliis
1417 1415 1626 1462 servatis
1657 1415 1887 1475 inserere,

198 1486 250 1532 in
283 1502 379 1548 quo
411 1501 499 1534 nos
531 1486 690 1534 adhuc
722 1487 906 1534 frustra
939 1488 1071 1534 enixi
1102 1502 1282 1540 sumus.

272 1560 481 1608 Restant
527 1576 643 1608 sane
689 1576 867 1622 parcae
908 1561 1151 1622 reliquiae
1175 1561 1351 1611 ‚totius
1395 1560 1598 1623 codicis,
1643 1561 1706 1608 ad
1745 1563 1882 1610 cuius

197 1633 415 1681 indolem
454 1634 886 1696 contemplandam
931 1635 1032 1683 iam
1069 1637 1390 1682 transeamus.
1452 1635 1630 1682 Totum
1666 1636 1883 1683 codicem

199 1723 255 1755 ex
302 1708 707 1770 quaternionibus
762 1710 1040 1758 constitisse
1093 1724 1183 1770 pro
1232 1710 1364 1757 certo
1413 1708 1651 1756 affirmari
1702 1712 1882 1771 potest,

199 1797 501 1843 quamquam
546 1783 740 1829 nullum
795 1784 1169 1844 quaternionem
1218 1782 1523 1844 possidemus
1572 1783 1882 1831 incolumem.

199 1854 437 1919 Singulae
471 1857 602 1903 enim
634 1858 947 1921 compagines
978 1857 1051 1904 ita
1083 1858 1382 1918 compositae
1425 1859 1563 1916 sunt,
1601 1859 1661 1903 ut
1693 1872 1884 1919 semper

197 1945 413 1990 versum,
461 1929 592 1992 quod
648 1930 840 1991 dicunt,
889 1931 1218 1992 subsequatur
1271 1946 1490 1990 versum,
1535 1933 1723 1978 rectum
1770 1931 1882 1978 sub-

198 2005 433 2066 sequatur
462 1999 711 2067 rectum.¹)
761 2003 883 2052 Cum
913 2021 1029 2053 vero
1062 2021 1120 2052 ea
1143 2004 1280 2064 folia,
1313 2020 1440 2065 quae
1462 2004 1625 2051 media
1649 2005 1800 2052 fuisse
1825 2022 1882 2052 ex

197 2080 428 2125 contextu
462 2081 670 2140 apparet
702 2071 782 2144 (B,
816 2078 869 2139 F,
900 2072 979 2144 J),
1018 2080 1264 2141 incipiant
1303 2093 1333 2125 a
1372 2093 1511 2126 verso
1552 2080 1739 2138 omnia,
1781 2095 1880 2127 non

198 2152 355 2199 solum
389 2153 613 2215 singulae
647 2152 959 2215 compagines
991 2153 1076 2200 sed
1107 2155 1242 2200 totus
1276 2151 1441 2212 codex,
1482 2153 1524 2199 si
1556 2167 1613 2199 ex
1644 2154 1879 2200 ternioni—

196 2226 286 2272 bus
317 2226 397 2273 vel
429 2226 745 2287 quinionibus
779 2228 1081 2288 compositus
1113 2229 1261 2287 esset,
1292 2225 1534 2287 inciperet
1565 2241 1594 2272 a
1626 2241 1788 2287 verSO,
1827 2227 1881 2273 id

197 2300 329 2360 quod
356 2299 417 2347 ab
443 2301 579 2347 omni
601 2300 953 2362 probabilitate
978 2300 1221 2348 abhorret.
1257 2299 1397 2356 Quod
1421 2299 1464 2346 si
1482 2300 1778 2361 quaerimus,
1795 2315 1881 2347 cur

196 2374 249 2419 in
289 2374 497 2435 singulis
542 2374 916 2437 compaginibus
954 2375 1173 2436 primum
1211 2373 1385 2421 folium
1426 2388 1616 2435 semper
1662 2389 1691 2420 a
1729 2376 1881 2434 recto,

198 2446 465 2494 secundum
491 2463 520 2494 a
543 2463 699 2509 verso,
730 2447 932 2495 tertium
957 2463 986 2495 a
1009 2451 1157 2509 recto,
1184 2450 1415 2509 quartum
1440 2463 1469 2494 a
1492 2463 1634 2495 verso
1657 2448 1881 2509 incipiat,

195 2521 317 2568 haec
348 2521 671 2582 componendi
702 2522 832 2569 ratio
866 2537 923 2569 ex
955 2522 1134 2583 papyri
1165 2523 1343 2568 natura
1375 2522 1456 2569 vix
1490 2520 1664 2569 deduci
1703 2524 1881 2583 potest,

198 2595 281 2641 sed
314 2594 463 2642 codex
491 2610 797 2657 papyraceus
821 2597 874 2642 in
899 2596 990 2643 hac
1014 2611 1065 2642 re
1098 2595 1494 2642 membranorum
1518 2610 1658 2642 usum
1684 2598 1879 2642 secutus

198 2684 299 2716 esse
333 2668 543 2727 videtur,
582 2685 698 2716 nam
738 2671 781 2717 si
811 2685 1047 2732 magnum
1079 2668 1419 2715 membranum
1450 2671 1526 2716 ter
1557 2668 1882 2729 complicatur

346 2845 386 2895 1)
418 2839 632 2895 Exempli
665 2839 820 2895 gratia
852 2838 994 2882 affero
1027 2837 1083 2895 D
1115 2852 1170 2889 v.,
1202 2835 1267 2904 Da
1292 2852 1342 2889 r.,
1384 2837 1433 2895 C
1463 2853 1513 2890 r.,
1521 2836 1611 2896 Ο2
1639 2853 1694 2891 v.,
1738 2837 1789 2894 Β
1820 2853 1879 2891 v.,

195 2870 1588 2956 B2r....,B31‚B4v,C3V,C4r.,D3(M,1*4‚T>r.,D’4v.
