2032 3162
180 166 310 210 XXX
860 165 1200 238 PRAEFATIO

714 336 803 384 DE
839 334 1341 385 PERIGIROMENE

254 454 418 503 Huius
441 454 640 502 fabulae
663 456 718 503 in
739 470 931 517 papyro
951 453 1174 502 Gairensi
1190 456 1385 503 exstant
1401 470 1570 504 versus
1588 457 1710 518 324,
1736 473 1869 506 acce-

179 528 304 576 dunt
335 530 386 575 et
416 529 625 576 schedae
655 528 936 590 Lipsienses
971 530 1071 576 121
1107 543 1278 577 versus
1301 530 1624 591 continentes,
1657 546 1869 592 quorum

185 603 248 651 73
293 602 347 649 in
389 603 554 650 codice
596 601 820 651 Cairensi
851 602 1043 663 desunt,
1090 604 1140 650 et
1171 602 1345 651 charta
1378 600 1757 666 Oxyrhynchica
1796 606 1863 654 51

177 692 348 725 versus
375 676 620 737 exhibens,
650 678 726 724 ita
749 678 806 724 ut
829 693 855 724 e
879 676 1038 725 tribus
1062 677 1416 739 manuscriptis
1439 678 1543 725 iam
1566 679 1672 726 448
1697 693 1868 728 versus

177 765 440 813 congerere
471 751 634 798 liceat.

251 823 504 872 Habemus
542 826 596 871 in
633 840 826 886 papyro
861 824 1084 873 Oairensi
1126 824 1223 872 duo
1272 824 1395 872 folia
1437 818 1504 891 (E
1537 827 1588 874 et
1617 825 1695 893 J),
1740 843 1867 889 quae

177 898 392 946 eiusdem
420 899 759 961 quaternionis
785 898 1057 947 secundum
1081 900 1131 946 et
1155 900 1390 960 quartum
1413 901 1568 961 erant,
1599 901 1650 948 et
1672 904 1868 962 partem

175 972 462 1020 inferiorem
493 973 700 1021 schedae
732 966 853 1039 (K),
897 988 1049 1034 quam
1088 973 1339 1034 sequentis
1380 974 1720 1034 quaternionis
1757 975 1868 1023 folii

176 1047 380 1095 secundi
417 1047 569 1094 fuisse
611 1046 905 1095 schedarum
944 1046 1281 1109 Lipsiensium
1320 1047 1506 1095 auxilio
1539 1047 1868 1097 demonstrari

175 1122 354 1182 potest.
386 1121 460 1167 De
484 1121 562 1168 his
587 1121 778 1169 schedis
804 1123 854 1168 et
877 1120 937 1168 de
960 1121 1229 1169 voluminis
1248 1118 1618 1183 Oxyrhynchici
1639 1123 1866 1184 reliquiis

175 1195 415 1242 nonnulla
459 1196 796 1257 praemittam,
841 1196 1133 1257 priusquam
1173 1194 1236 1242 ad
1281 1195 1482 1243 fabulae
1520 1199 1866 1259 argumentum

174 1268 536 1317 restituendum
569 1269 818 1317 adeamus.

252 1342 470 1391 Schedae
502 1343 782 1405 Lipsienses
815 1342 1112 1404 Antinupoli
1125 1336 1166 1409 ¹)
1206 1344 1448 1405 repertae,
1495 1358 1624 1392 anno
1661 1345 1803 1392 1908
1837 1360 1868 1391 a

175 1416 424 1464 Fridcrico
458 1418 647 1465 Zucker
675 1419 729 1464 in
762 1417 945 1479 oppido
977 1417 1199 1465 Mallawi
1231 1419 1452 1479 emptae,
1486 1417 1589 1465 iam
1626 1418 1678 1464 in
1709 1434 1865 1481 papy-

174 1507 343 1539 rorum
375 1491 664 1539 collectione
695 1491 1023 1540 bibliothecae
1056 1490 1327 1552 Lipsiensis
1366 1507 1622 1539 numerum
1661 1493 1867 1554 portant

178 1565 297 1612 613.
357 1564 519 1613 Codex
561 1582 586 1613 e
627 1581 724 1628 quo
766 1566 1086 1628 depromptae
1135 1568 1251 1613 sunt
1300 1568 1406 1613 erat
1450 1565 1866 1627 membranaceus,

179 1640 244 1687 16
280 1655 370 1687 cm.
415 1639 569 1700 altus,
613 1640 714 1687 fere
761 1641 827 1687 15
863 1655 952 1687 cm.
985 1639 1132 1699 latus,
1175 1641 1325 1687 tertio
1356 1655 1404 1700 p.
1441 1638 1549 1687 Chr.
1580 1656 1627 1687 n.
1669 1640 1865 1688 saeculo

175 1716 380 1761 exeunte
406 1713 620 1775 scriptus
653 1715 779 1761 teste
809 1712 1055 1761 Guilelmo
1083 1712 1340 1761 Schubart.
1390 1711 1628 1777 Singulae
1652 1715 1864 1777 paginae

177 1788 246 1835 30
271 1788 351 1835 vel
378 1789 442 1835 31
471 1803 639 1836 versus
672 1787 1004 1835 continebant.
1056 1786 1275 1834 Litterae
1308 1786 1431 1835 satis
1456 1788 1720 1850 elegantes,
1746 1803 1865 1848 qua-

173 1877 284 1908 rum
316 1862 500 1909 formas
531 1861 707 1909 tabula
738 1862 763 1908 I
794 1862 909 1909 huic
941 1861 1150 1909 editioni
1173 1861 1344 1909 addita
1368 1863 1627 1921 monstrat,
1659 1862 1864 1922 paulum

176 1936 486 1983 dextrorsum
517 1936 785 1983 inclinatae
820 1938 950 1996 sunt,
983 1950 1008 1984 c
1041 1937 1090 1982 et
1120 1949 1153 1992 γ
1183 1937 1266 1984 vix
1297 1934 1540 1998 distingui
1570 1938 1799 1997 possunt,
1831 1948 1863 1983 o

174 2010 488 2072 plerumque,
529 2024 543 2057 ι
575 2012 769 2056 mutum
806 2025 1178 2071 nonnumquam
1217 2009 1492 2056 minuscula
1525 2011 1662 2071 sunt,
1701 2023 1717 2056 1
1751 2011 1799 2056 et
1831 2023 1862 2057 υ

175 2083 371 2145 saepius
395 2084 594 2145 punctis
613 2085 864 2145 ornantur,
890 2097 920 2131 ν
938 2085 990 2131 111
1006 2083 1102 2131 fine
1120 2099 1350 2132 versuum
1366 2083 1655 2145 plerumque
1679 2083 1863 2130 lineola

174 2158 337 2205 vocali
370 2158 679 2205 antecedenti
717 2158 1052 2219 superscripta
1093 2158 1398 2219 exprimitur.
1457 2155 1672 2219 Scriptio
1715 2157 1863 2218 plena

175 2247 273 2278 non
303 2233 402 2279 nisi
434 2234 610 2292 quater
643 2225 791 2297 (221,
818 2233 938 2291 250,
966 2233 1085 2291 257,
1115 2225 1242 2295 269)
1277 2232 1504 2291 occurrit,
1536 2231 1861 2292 apostrophos

173 2321 287 2353 raro
327 2305 475 2352 deest.
523 2306 768 2354 Accentus
809 2308 859 2353 et
897 2307 1101 2366 spiritus
1133 2306 1319 2366 passim
1351 2303 1545 2352 addidit
1581 2318 1757 2351 manus
1791 2304 1859 2350 al-

173 2382 295 2438 tera,
330 2379 390 2426 ab
425 2378 595 2427 eadem
617 2380 823 2427 nonulla
847 2383 1066 2426 correcta
1089 2381 1218 2439 sunt,
1250 2378 1400 2426 semel
1426 2370 1582 2444 (228)
1609 2378 1733 2424 duae
1757 2393 1859 2425 ma-

173 2468 265 2500 nus
292 2453 603 2500 correctrices
628 2454 871 2516 distingui
894 2455 1113 2514 possunt.
1154 2452 1480 2500 Personarum
1504 2452 1715 2499 mutatio
1741 2451 1860 2498 duo-

174 2527 264 2574 bus
298 2527 493 2586 punctis
525 2529 577 2574 in
609 2543 754 2575 versu
787 2530 836 2573 et
867 2527 1179 2590 paragrapho
1203 2527 1255 2573 in
1280 2527 1503 2588 margine
1528 2527 1727 2573 sinistro
1752 2541 1859 2572 ver-

175 2600 254 2649 sui
285 2600 562 2662 subscripta
593 2603 847 2661 notantur,
895 2601 1043 2648 semel
1077 2594 1233 2666 (265)
1277 2602 1515 2662 punctum
1554 2600 1859 2662 geminatum

177 2674 240 2721 ad
271 2673 674 2737 distinguendum
708 2673 986 2734 adhibetur,
1018 2676 1204 2735 passim
1230 2674 1440 2722 occurrit
1463 2669 1494 2731 ἡ
1522 2668 1634 2721 ἄνω
1660 2670 1857 2732 ετιγμή.

176 2747 501 2795 Personarum
541 2750 703 2808 notae,
742 2748 1155 2811 parepigraphae,
1197 2748 1383 2795 scholia
1423 2747 1622 2795 omnino
1667 2745 1856 2793 desunt.

179 2820 406 2868 Codicem
444 2824 495 2867 in
538 2824 604 2869 43
647 2821 890 2881 versibus,
939 2823 1025 2883 qui
1065 2823 1110 2868 ei
1150 2837 1259 2868 cum
1309 2819 1531 2868 Cairensi
1577 2834 1856 2867 communes

253 2979 294 3031 1>
327 2976 426 3019 Hoc
457 2991 549 3020 non
584 2978 759 3020 certum
791 2976 873 3021 sed
904 2976 1000 3019 veri
1033 2976 1324 3020 simillimum
1357 2978 1438 3019 est.
