1980 3168
765 116 1194 160 επιτΡεΠοΝτεε
1753 115 1823 168 63
1873 173 1876 175 μ

199 384 333 451 (Ον.)
397 386 446 437 τί
486 385 532 437 δ’
573 385 638 438 οὐ
679 389 849 438 ποιεῖε
891 386 1124 450 ἄριετον;
1166 386 1196 438 ὃ
1238 385 1284 438 δ’
1325 385 1475 439 ἀλύει
1514 386 1679 438 πάλαι

398 475 790 538 κατακείμενος.

283 588 414 634 phot.
446 589 548 633 Ber.
581 605 625 646 p.
660 594 715 633 83
758 593 913 635 ἀλύειν
944 593 1000 635 τὸ
1035 593 1179 646 μηδὲν
1211 592 1442 646 πράττειν.
1492 591 1564 647 ,,τί
1597 617 1650 622 -
1687 605 1822 634 κατα-

130 664 379 718 κείμενοε“.
422 665 695 720 Μένανδρος
713 664 1053 720 Ἐπιτρέπουειν
1078 665 1424 722 (Ἐπιτρεπούεῃ
1449 665 1591 721 cod.);
1616 665 1824 709 eiusdem

130 751 295 782 scenae
328 740 411 782 ests.
443 776 446 780 .

961 830 983 847 Ρ·

957 847 1005 883 ο.

398 934 563 1000 ἀργὸς
604 935 651 987 δ’
691 936 947 997 ὑγιαίνων
988 939 1085 988 τοῦ
1125 936 1486 999 πυρέττοντοε
1526 935 1667 988 πολύ

350 1093 352 1095 ‚
397 1023 499 1077 ἔπ’
540 1024 879 1089 ἀθλιώτερος,
922 1024 1090 1089 μάτην
1131 1028 1264 1086 γοῦν
1307 1026 1459 1077 ἐεθίει

396 1114 656 1166 διπλάεια.

278 1228 404 1273 Stob.
445 1228 543 1273 flor.
578 1235 649 1284 30,
679 1234 701 1272 7
737 1252 791 1266 =
826 1229 880 1273 fr.
917 1234 1000 1272 175
1034 1230 1088 1273 K.
1130 1232 1408 1285 Μενάνδρου
1454 1230 1824 1284 Ἐπιτρεπόντων

128 1303 157 1346 2
192 1305 401 1348 διπλάεια
424 1309 540 1357 γοῦν
566 1305 699 1348 ἑεθίει
725 1306 875 1360 μ’άτην
902 1304 1050 1357 codd„
1085 1317 1200 1350 corr.
1215 1303 1349 1357 Wil.;
1383 1317 1410 1346 a
1436 1317 1583 1359 coquo
1617 1303 1744 1347 dicta
1775 1304 1824 1347 in

128 1378 293 1421 eadem
327 1388 479 1431 scena,
511 1378 560 1420 ni
592 1377 744 1422 fallor.

957 1468 1004 1521 6.

920 1571 1109 1643 (Μαγ.)
1152 1574 1390 1626 ἐπέπαεα

396 1664 482 1715 ἐπὶ
522 1664 584 1715 τὸ
625 1663 843 1727 τάριχος
885 1662 1031 1724 ἅλαε,
1074 1663 1167 1715 ἐὰν
1210 1662 1352 1714 οὕτω
1393 1663 1540 1731 τύχῃ.

274 1779 446 1825 Athen.
470 1779 533 1822 ΠΙ
560 1783 679 1822 119e
705 1801 759 1815 ==
785 1779 839 1821 fr.
870 1782 953 1821 178
980 1778 1032 1822 K.
1067 1782 1142 1823 καὶ
1174 1780 1247 1822 ἐπὶ
1280 1779 1488 1833 αἰτιακῆε
1520 1780 1594 1833 (τὸ
1618 1779 1824 1834 τάριχος)

128 1855 402 1909 Μένανδρος
434 1852 790 1908 Ἐπιτρέπουειν,
825 1852 923 1896 sine
956 1852 1096 1896 titulo
1131 1851 1332 1896 afferunt
1357 1852 1440 1895 alii
1526 1851 1555 1894 2
1589 1854 1645 1895 ἄν
1672 1851 1822 1904 codd„

129 1941 241 1972 corr.
275 1927 498 1984 Elmsley.

960 2019 1004 2069 7.

397 2125 660 2193 ἐλευθέρῳ
702 2124 764 2175 τὸ
806 2126 1190 2184 καταγελᾶεθαι
1233 2124 1326 2186 μὲν
1368 2122 1506 2173 πολύ

401 2213 666 2278 αἴεχιετόν
711 2213 828 2274 ἐετι,
869 2213 932 2264 τὸ
975 2212 1020 2263 δ’
1054 2211 1301 2263 ὀδυνᾶεθ’
1335 2211 1692 2275 ἀνθρώπινον.

276 2327 402 2373 Sizob.
436 2328 532 2372 flor.
568 2332 638 2383 89,
666 2333 690 2371 5
726 2351 781 2364 =
814 2328 868 2370 fr.
898 2332 981 2370 176
1007 2328 1060 2370 Κ.
1097 2328 1371 2381 Μενάνδρου
1408 2327 1770 2381 Ἐπιτρέποντοε.

351 2599 511 2651 οὐθὲν
552 2600 827 2652 πέπονθα(
868 2599 1060 2659 δεινόν,
1106 2599 1170 2650 ἂν
1213 2600 1279 2662 μὴ
1321 2601 1599 2663 προεποιῇ.

278 2712 352 2756 Or.
378 2713 565 2758 Anthoi.
595 2719 633 2769 7,
653 2719 678 2757 8
712 2717 762 2759 ἑκ
787 2720 871 2758 τοῦ
902 2716 1126 2770 Γεωργοῡ,
1160 2714 1242 2758 sed
1266 2713 1468 2770 margini
1494 2712 1658 2755 eadem
1682 2723 1825 2753 manu

129 2786 385 2843 ascriptum
420 2790 469 2831 ἐκ
500 2793 598 2832 τῶν
632 2790 1012 2843 ἀποτρεπόντων,
1048 2788 1218 2831 omisso
1251 2787 1443 2831 fabulae
1475 2785 1661 2828 nomine
1696 2783 1823 2826 Stob.

48 2922 50 2924 r
127 2859 225 2903 flor.
253 2865 353 2915 108,
379 2867 448 2915 57,
482 2861 603 2905 Plut.
641 2863 699 2905 de
732 2861 973 2917 ssranquill.
1002 2866 1071 2916 17,
1100 2861 1242 2915 4750,
1285 2861 1455 2904 omisso
1490 2861 1656 2915 poetae
1689 2857 1825 2900 fabu-

130 2933 299 2989 laeqfle
329 2935 517 2979 nomine
549 2935 631 2978 alii
658 2957 713 2971 =
738 2935 791 2978 fr.
823 2939 904 2980 179
930 2935 986 2978 K.
1019 2962 1073 2966 —
1108 2937 1247 2979 οὐθέν
1279 2936 1331 2977 A.
1368 2934 1494 2978 Stob.
