2032 3162
798 127 1139 174 PRAEFATIO
1716 128 1823 174 XXI

132 271 218 319 nia
258 269 624 332 intelliguntur.
672 269 722 317 Is
762 270 851 331 qui
890 273 1123 317 socerum
1155 270 1514 334 conviciantem
1560 269 1823 331 auscultat,

131 344 245 392 leno
292 345 381 405 est,
421 343 476 391 in
515 343 655 391 cuius
694 343 924 405 lupanari
962 343 1126 391 vicino
1173 341 1425 391 Charisius
1470 357 1581 390 cum
1622 342 1823 391 fidicina

130 417 397 479 helluatur‚
428 443 488 451 —-
508 421 696 466 'scaena
719 416 877 481 igitur
900 433 1000 465 non
1030 433 1144 465 rure
1177 419 1264 478 est,
1298 417 1382 465 sed
1404 418 1459 464 in
1480 416 1602 464 urbe
1626 443 1698 449 —
1722 433 1822 465 me-

129 492 231 540 tuit
252 492 379 552 leno,
409 508 471 540 ne
495 507 634 540 socer
661 491 875 553 lupanar
904 492 1155 555 ingressus
1187 492 1460 538 amantium
1494 490 1681 555 gaudia
1718 493 1821 538 tur-

129 565 215 614 bet
246 559 314 631 (v.
342 558 422 631 6),
461 567 706 627 quantum
747 566 945 628 argenti
986 564 1238 613 Charisius
1279 564 1458 612 cotidie
1499 580 1588 626 pro
1620 564 1823 613 fidicina

130 639 532 702 solvat-optime
571 640 666 687 scit
707 632 775 705 (v.
805 642 870 687 11
900 634 1003 702 sq.).
1051 638 1130 686 Ad
1162 639 1251 686 hos
1292 638 1486 687 accedit
1524 639 1604 687 vel
1637 639 1822 687 amicus

127 714 207 762 vel
236 714 404 776 potius
429 729 605 762 rservus
641 712 876 773 Charisii,
916 728 1062 775 quem
1093 713 1205 761 leno
1237 713 1556 760 familiariter
1586 713 1821 774 appellat.

128 787 252 835 Tum
277 787 390 836 leno
424 802 646 836 socerum
677 788 731 834 ni
762 788 911 836 fallor
933 788 1166 850 mitigare
1192 790 1397 835 conatus
1423 786 1735 835 acerbissime
1760 787 1822 834 ab

125 861 215 909 illo
245 862 506 924 repellitur
537 859 604 928 (v.
632 863 700 910 23
729 855 842 927 sq.)‚
874 876 1012 909 socer
1042 861 1199 909 intrat
1230 860 1375 909 aedes
1408 862 1580 923 generi
1603 860 1822 909 absentis

126 935 460 983 collocuturus
493 951 607 983 cum
634 935 739 982 filia
771 929 840 1000 (v.
868 937 936 983 25
964 928 1109 1001 sqq.)‚
1141 937 1334 982 restant
1356 935 1408 981 in
1434 950 1612 983 scaena
1636 935 1748 983 leno
1774 938 1823 982 et

127 1025 294 1057 servus
326 1010 407 1058 vel
438 1011 599 1059 socius
633 1008 862 1065 Charisii,
896 1011 982 1071 qui
1019 1010 1150 1057 hunc
1182 1009 1242 1055 de
1274 1010 1432 1058 soceri
1463 1009 1685 1057 adventu
1723 1025 1821 1058 cer-

123 1084 302 1131 tiorem
333 1084 495 1132 facere
529 1085 845 1132 constituunt
877 1077 946 1150 (v.
974 1084 1041 1131 28
1069 1077 1217 1149 sqq.)‚
1251 1082 1394 1132 aedes
1428 1098 1550 1145 quas
1583 1084 1823 1130 alteruter

123 1159 281 1205 everti
302 1158 413 1206 vult
437 1153 507 1223 (v.
536 1159 606 1206 30
632 1152 743 1224 sq.)‚
777 1158 968 1205 lenonis
996 1160 1111 1205 sunt
1135 1184 1193 1190 —
1217 1158 1430 1219 lupanar
1454 1157 1822 1205 adulescentiae

122 1231 322 1280 Atticae
362 1235 468 1279 tam
507 1231 840 1280 necessarium
884 1248 1036 1293 quam
1067 1233 1317 1279 infestum.
1373 1231 1551 1279 Totam
1593 1247 1823 1279 scaenam

121 1307 375 1354 nonnullis
415 1307 624 1354 mutatis
672 1306 735 1353 ad
779 1306 1134 1367 Epitrepontes
1175 1305 1408 1367 adaptari
1437 1321 1579 1367 posse
1611 1305 1823 1353 libenter

124 1381 351 1438 concedo,
392 1396 503 1429 eam
544 1396 697 1442 quam
738 1380 977 1428 habemus
1010 1380 1137 1428 alius
1171 1395 1274 1427 esse
1306 1379 1508 1427 fabulae
1542 1380 1717 1440 quovis
1747 1381 1821 1441 pi-

122 1470 275 1517 gnore
307 1455 539 1516 spondeo.

196 1528 303 1575 Iam
334 1528 594 1576 redeamus
626 1528 757 1575 unde
789 1528 997 1591 digressi
1032 1542 1202 1575 sumus
1235 1527 1299 1574 ad
1333 1527 1602 1574 secundam
1626 1527 1821 1588 Epitre-

120 1604 332 1663 pontum
365 1618 607 1650 scaenam.
662 1602 835 1650 Finem
867 1603 981 1649 huic
1014 1617 1222 1649 scaenae
1255 1602 1447 1649 factum
1474 1616 1577 1648 esse
1604 1601 1823 1648 adventu

119 1675 255 1723 chori
281 1676 689 1736 adulescentium,
714 1692 890 1738 nempe
918 1675 1133 1724 Charisii
1158 1676 1481 1724 convivarum
1506 1675 1748 1723 Leeuwen
1774 1678 1823 1723 et

120 1747 281 1811 Capps
306 1753 500 1812 putant,
527 1750 611 1797 sed
637 1753 767 1798 certe
792 1750 885 1798 hoc
904 1752 1060 1798 statui
1084 1751 1276 1811 nequit,
1302 1751 1420 1812 quia
1441 1752 1562 1811 quot
1579 1752 1717 1797 actus
1734 1750 1819 1796 ha-

119 1823 287 1871 buerit
326 1825 581 1873 comoedia
626 1826 883 1872 nescimus.
936 1823 1109 1872 Solent
1149 1839 1267 1872 sane
1308 1823 1405 1871 viri
1438 1823 1572 1871 docti
1603 1824 1820 1885 quinque

120 1898 164 1945 ei
198 1898 417 1946 tribuere
450 1914 689 1946 memores
728 1899 928 1961 regulae
969 1898 1152 1946 Horati
1184 1914 1258 1959 ep.
1301 1898 1362 1945 ad
1396 1897 1494 1945 Pis.
1533 1898 1633 1944 189
1669 1913 1820 1958 „neve

116 1974 282 2019 minor
318 1989 418 2020 neu
458 1972 525 2020 sit
556 1973 730 2034 quinto
762 1973 1051 2034 productior
1085 1975 1198 2019 actu
1230 1970 1433 2019 fabula“
1468 1974 1519 2018 at
1550 1988 1667 2018 num
1700 1971 1820 2019 haec

116 2046 198 2092 lex
229 2046 497 2094 Menandri
526 2045 833 2108 temporibus
866 2046 1096 2107 valuerit,
1126 2046 1271 2094 valde
1297 2045 1500 2092 dubium
1527 2047 1615 2093 est.
1647 2045 1820 2107 Neque

116 2122 308 2168 veteres
343 2121 526 2184 tragici
556 2136 717 2181 neque
748 2120 1043 2168 Aristoteles
1075 2122 1128 2167 in
1160 2119 1289 2167 libro
1324 2120 1381 2167 de
1406 2121 1603 2180 poetica
1629 2122 1821 2166 certum

117 2197 316 2241 actuum
347 2210 611 2242 numerum
645 2197 849 2256 curant,
882 2211 938 2242 ac
970 2211 1030 2242 ne
1066 2193 1316 2241 Ciceronis
1350 2193 1552 2255 quidem
1584 2193 1819 2255 tempori-

114 2267 204 2316 bus
234 2270 400 2316 omnia
433 2269 660 2316 dramata
696 2270 1112 2330 quinquepartita
1137 2269 1351 2315 fuerunt.
1408 2267 1538 2315 Nam
1572 2267 1818 2329 quomodo

114 2341 194 2390 hic
234 2342 442 2390 scribere
481 2342 647 2405 potuit
686 2343 749 2390 ad
783 2342 1023 2399 Quintum
1055 2343 1262 2389 fratrem
1302 2342 1341 2402 Ι,
1379 2343 1424 2402 1,
1458 2343 1525 2388 46
1564 2341 1728 2403 „Illud
1771 2343 1818 2387 te

116 2415 178 2462 ad
211 2419 480 2464 extremum
514 2418 564 2464 et
596 2431 681 2463 oro
716 2420 766 2463 et
797 2417 984 2476 hortor,
1024 2419 1083 2463 ut
1113 2419 1372 2477 tamquam
1405 2418 1584 2476 poetae
1621 2415 1740 2461 boni
1772 2418 1820 2462 et

115 2492 306 2538 actores
336 2490 573 2538 industrii
610 2490 786 2549 solent,
829 2492 899 2538 sic
931 2494 988 2537 tu
1019 2492 1071 2537 in
1105 2492 1323 2538 extrema
1363 2491 1506 2550 parte
1541 2491 1590 2536 et
1622 2489 1817 2536 conclu-

114 2562 248 2611 sione
286 2566 505 2612 muneris
539 2579 596 2611 ac
632 2564 824 2627 negotii
855 2565 931 2611 tui
964 2564 1375 2627 diligentissimus
1410 2565 1489 2623 sis,
1523 2564 1581 2610 ut
1610 2563 1689 2609 hic
1722 2564 1817 2609 ter-

112 2636 211 2684 tius
252 2652 409 2685 annus
448 2639 648 2699 imperii
693 2640 770 2685 tui
809 2640 1069 2700 tamquam
1118 2638 1297 2685 tertius
1340 2639 1478 2684 actus
1519 2636 1818 2697 perfectissi-

111 2726 220 2757 mus
252 2713 404 2774 atque
438 2713 783 2759 ornatissimus
817 2712 971 2759 fuisse
1010 2710 1287 2767 videatur“‚
1321 2713 1363 2757 si
1394 2714 1500 2757 tum
1529 2711 1818 2771 plerumque

111 2800 210 2832 non
248 2786 426 2832 tertius
474 2785 558 2833 sed
600 2786 801 2846 quintus
843 2788 986 2833 actus
1032 2785 1314 2832 dramatum
1359 2787 1578 2831 extrema
1617 2799 1729 2845 pars
1770 2785 1818 2830 et

111 2859 361 2906 conclusio
393 2857 610 2906 suisset?
654 2857 896 2915 Quartum
934 2862 1123 2919 actum,
1156 2861 1406 2920 quantum
1440 2858 1599 2917 video,
1630 2858 1815 2918 primus

112 2934 463 2979 commemorat
477 2930 645 2980 Varro
677 2949 770 2980 rer.
795 2936 914 2980 rust.
949 2933 974 2980 I
1002 2934 1085 2992 26,
1119 2933 1202 2980 sed
1234 2932 1365 2979 idem
1399 2933 1449 2978 in
1485 2935 1699 2978 extremo
1736 2933 1809 2977 to-
