1980 3168
717 126 1163 171 ΠεΡικειΡοΜεΝΗ
1676 128 1777 181 125
1842 161 1844 163 ,

0 260 118 326 Πα.)
183 260 255 325 μὰ
292 261 390 312 τὸν
429 260 516 312 Δί’
550 260 725 312 οὐδέν.
782 261 932 328 (Πο.)
974 263 1038 315 οὐ
1078 263 1201 327 γάρ;
1236 262 1373 315 ἀλλὰ
1414 267 1494 316 δεῖ
1534 266 1593 325 γέ
1635 282 1687 317 ςε
1812 274 1932 325 (215)

32 361 118 401 275
182 348 328 411 ἰδεῖν,
371 348 548 414 βάδιζε
589 352 764 414 δεῦρο.
820 350 973 417 (Πα.)
1014 351 1224 415 πάραγ’,
1260 352 1571 416 εἰςέρχομαι.

0 437 116 504 mo.)
181 438 279 491 οὐκ
319 437 674 503 εἰςφθερεῖςθε
714 441 911 491 θᾶττον
950 439 1098 503 ὑμεῖς
1138 441 1407 498 ἐκποδών;
1448 470 1520 478 -

178 526 379 590 λόγχας
419 526 638 590 ἔχοντες
678 527 1064 592 ἐκπεπηδήκαςί
1106 546 1205 591 μοι,

180 615 278 667 οὐκ
317 615 383 667 ἂν
424 615 677 667 δύναιντο
720 615 767 667 δ’
800 616 997 669 ἐξελεῖν
1038 617 1282 669 νεοττιάν

178 703 489 768 χελιδόνων,
531 702 635 756 οἷοι
676 704 879 769 πάρεις’
912 705 961 756 οἱ
1004 705 1274 769 βάςκανοι·
1812 720 1931 758 1⁴20»

34 804 122 845 280
187 791 325 844 ἀλλὰ
364 793 564 855 ξένους,
606 793 744 857 φής’,
786 793 956 857 εἶχον·
999 794 1089 845 εἰςὶ
1130 793 1176 845 δ’
1211 794 1259 846 οἱ
1301 796 1440 846 ξένοι

179 881 230 934 οἱ
270 881 578 946 περιβόητοι
621 882 817 934 (ωςίας
858 881 932 934 εἷς
972 883 1165 934 οὑτοςὶ.

178 973 399 1023 πολλῶν
440 971 751 1033 γεγονότων
793 971 992 1023 ἀθλίων
1034 972 1166 1023 κατὰ
1206 972 1302 1023 τὸν
1343 972 1541 1036 χρόνον

178 1060 275 1112 τὸν
315 1062 414 1112 νῦν
454 1090 528 1095 -
568 1061 716 1124 φορὰ
755 1061 856 1124 γὰρ
898 1061 1090 1122 γέγονε
1130 1061 1325 1112 τούτου
1366 1063 1463 1112 νῦν
1505 1060 1635 1122 καλή

179 1149 236 1200 ἐν
278 1148 437 1201 ἅπαςι
477 1152 590 1201 τοῖς
629 1148 838 1213 Ἕλληςι
879 1148 944 1200 δι>
979 1148 1060 1200 ὅτι
1101 1150 1163 1212 δή
1206 1165 1337 1201 ποτε
1379 1178 1448 1184 —-
1809 1156 1929 1205 -125>

29 1250 115 1289 285
179 1237 379 1290 οὐδένα
417 1238 615 1302 νομίζω
656 1241 765 1289 τῶν
805 1238 1077 1289 τοςούτων
1120 1237 1303 1289 ἄθλιον

180 1325 471 1390 ἄνθρωπον
512 1326 685 1378 οὕτως
726 1327 799 1378 ὡς
841 1327 1071 1390 ἐμαυτὸν
1113 1331 1206 1389 ζῆν
1248 1326 1367 1386 ἐγώ.

178 1415 251 1468 ὡς
290 1415 393 1480 γὰρ
433 1415 631 1479 τάχιςτ)
665 1415 922 1479 εἰςῆλθον,
964 1415 1123 1467 οὐδὲν
1166 1415 1241 1466 ὧν
1283 1414 1364 1466 ἀεί

178 1504 321 1557 εἴωθ’
354 1505 589 1566 ἐποίουν,
633 1505 760 1556 οὐδὲ
801 1504 935 1567 πρὸς
975 1505 1072 1567 τὴν
1114 1505 1311 1567 μητέρα

179 1593 433 1657 εἰςῆλθον,
477 1594 541 1646 οὐ
582 1597 692 1645 τῶν
733 1593 892 1645 ἔνδον
934 1591 1133 1643 ἐκάλες’
1167 1593 1364 1643 οὐδένα
1810 1598 1929 1651 (130)

20 1695 108 1734 290
171 1683 307 1747 πρὸς
347 1682 594 1747 ἐμαυτόν,
636 1681 750 1734 ἀλλ’
786 1682 858 1733 εἰς
900 1680 1048 1733 οἶκον
1091 1682 1261 1732 ἐλθὼν
1303 1680 1547 1731 ἐκποδών

179 1771 410 1823 ἐνταῦθα
442 1771 751 1835 κατεκείμην
792 1771 1115 1832 ςυνεςτηκὼς
1156 1769 1311 1820 πάνυ.

177 1860 274 1912 τὸν
314 1861 471 1912 Δᾶον
514 1860 780 1923 εἰςπέμπω
823 1861 881 1910 δὲ
922 1858 1212 1922 δηλωςονθ>
1246 1857 1325 1909 ὅτι

176 1948 303 2012 ἥκω,
345 1951 606 2001 τοςοῦτον
650 1948 795 2008 αὐτό,
838 1947 973 2011 πρὸς
1013 1948 1109 2009 τὴν
1152 1947 1362 2010 μητέρα.

180 2036 342 2090 οὗτος
383 2039 477 2102 μὲν
520 2037 618 2089 οὖν
660 2037 843 2101 μικρόν
884 2053 931 2087 τι
972 2036 1257 2099 φροντίςας
1299 2021 1427 2097 ἐμοῦ
1810 2040 1929 2091 035)

30 2139 116 2178 295
181 2126 394 2191 ἄριςτον
436 2127 618 2178 αὐτοῖς
658 2126 975 2189 καταλαβὼν
1017 2124 1394 2188 προςκείμενον

187 2216 423 2280 ἐγέμιζεν
466 2215 646 2268 αὑτόν.
706 2216 762 2267 ἐν
805 2216 862 2266 δὲ
903 2214 1076 2281 τούτῳ
1118 2218 1192 2281 τῷ
1235 2213 1412 2279 χρόνῳ

182 2305 563 2369 κατακείμενος
603 2305 740 2368 πρὸς
782 2303 1012 2367 ἐμαυτὸν
1054 2303 1263 2362 ἔλεγον·
1306 2302 1519 2360 ,,αὐτίκα

180 2394 447 2457 πρόςειςιν
486 2393 518 2455 ἡ
562 2394 729 2456 μήτηρ
772 2390 1149 2452 ἀπαγγελοῡςά
1191 2407 1275 2451 μοι

240 2507 336 2551 278
370 2510 427 2551 ἄν
459 2510 566 2564 post
599 2508 640 2551 δ’
665 2506 936 2550 deleverunt
969 2507 1094 2548 Croe.
1128 2504 1181 2547 K.
1216 2504 1305 2546 Leo
1340 2502 1463 2554 wil„
1496 2504 1705 2545 νεοττιὰν
1738 2502 1779 2541 δ’
1816 2513 1820 2515 ·

91 2585 179 2627 οὐκ
212 2584 269 2626 ἂν
302 2582 508 2626 δύναιντ’
531 2584 588 2626 ἂν
622 2584 788 2627 ἐξελεῖν
821 2579 966 2623 Head.
1082 2577 1178 2621 279
1218 2576 1377 2619 malim
1419 2577 1593 2629 οἷοίπερ
1627 2576 1703 2617 εἰς’

93 2655 189 2699 284
220 2655 345 2699 Ioan.
377 2655 560 2711 Philop.
594 2655 643 2698 in
676 2655 867 2698 Aristot.
895 2653 1082 2696 Meteor.
1117 2667 1159 2707 p.
1188 2655 1241 2693 94
1275 2650 1424 2704 Hayd.
1453 2671 1505 2685 =
1532 2648 1585 2690 fr.
1613 2652 1695 2689 872
1724 2647 1772 2689 K.

91 2732 147 2774 τὸ
179 2731 267 2785 γὰρ
300 2732 501 2774 πολλοὺς
531 2731 774 2783 γεγονέναι
807 2730 1012 2782 καρποὺς
1049 2728 1202 2781 φορὰν
1236 2729 1424 2778 καρπῶν
1458 2726 1662 2774 λέγομεν.
1706 2724 1776 2762 καὶ

91 2805 165 2848 ἐπὶ
203 2808 299 2847 τῶν
340 2804 564 2857 χειρόνων
605 2803 789 2857 ὁμοίως.
851 2803 1121 2854 Μένανδρος
1162 2801 1316 2854 ,,φορά
1355 2799 1441 2851 γὰρ
1483 2801 1565 2839 νῦν
1606 2797 1774 2837 τούτου

91 2879 257 2930 γέγονε
289 2877 420 2931 καλή,
455 2877 512 2920 δι’
536 2878 606 2920 ὅτι
639 2878 695 2931 δή
729 2877 871 2920 ποτε“
964 2873 1060 2916 290
1091 2873 1178 2916 τιν’
1201 2874 1304 2927 post
1330 2874 1458 2914 οἰκον
1484 2868 1657 2912 delevit
1684 2867 1776 2909 Lef.

156 2948 253 2994 294
286 2952 424 2994 οὗτος
455 2950 547 2993 Leo
640 2949 735 2992 298
770 2951 1089 3001 ἀπαγγελοῡςα
1123 2946 1249 2989 Croe.
1285 2944 1390 2986 Sud.
