1980 3168
208 97 312 149 172
867 97 1217 155 (κιοΑΡιςτΗς)

606 451 984 522 Fragmenta
1023 452 1280 505 aliunde
1318 455 1482 507 nota.

1025 601 1070 653 1.

422 720 569 788 ᾤμην
611 719 716 780 ἐγὼ
755 720 883 771 τοὺς
922 720 1209 772 πλουςίους
1249 719 1292 772 ὧ
1333 721 1519 782 Φανία,

422 806 501 859 οἷς
542 809 608 871 μὴ
649 808 711 860 τὸ
752 808 1076 861 δανείζεςθαι
1115 810 1406 873 πρόςεςτιν,
1448 811 1512 862 οὐ
1554 812 1756 863 ςτένειν

419 896 513 948 τὰς
552 896 744 948 νύκτας
784 896 913 948 οὐδὲ
953 898 1348 962 ςτρεφομένους
1389 897 1501 971 ἄνω
1543 899 1685 951 κάτω

420 984 561 1048 οἴμοι
602 986 791 1047 λέγειν,
830 984 965 1048 ἡδὺν
1005 987 1064 1037 δὲ
1104 987 1189 1037 καὶ
1227 987 1404 1055 πρᾷόν
1443 1005 1562 1040 τινα

331 1086 355 1124 5
417 1073 590 1125 ὕπνον
629 1073 927 1126 καθεύδειν·
968 1072 1107 1126 ἀλλὰ
1145 1078 1254 1126 τῶν
1294 1079 1527 1139 πτωχῶν
1566 1076 1709 1128 τάδε.

417 1163 536 1214 νυνὶ
576 1163 635 1214 δὲ
675 1163 760 1214 καὶ
798 1163 925 1214 τοὺς
965 1163 1253 1228 μακαρίους
1293 1166 1656 1228 καλουμένους

418 1250 551 1315 ὑμᾶς
591 1250 702 1315 ὁρῶ
743 1254 1049 1304 πονοῦντας
1086 1251 1211 1316 ἡμῖν
1252 1252 1470 1318 ἐμφερῆ.

420 1338 501 1403 ἆρ’
536 1339 640 1391 ἐςτὶ
680 1341 930 1402 ςυγγενές
969 1359 1017 1392 τι
1057 1341 1196 1405 λύπη
1238 1343 1322 1393 καὶ
1365 1342 1498 1406 βίος·

418 1435 669 1499 τρυφερῷ
713 1430 806 1498 βίω
847 1429 1097 1491 ςύνεςτιν,
1140 1431 1341 1499 ἐνδόξῳ
1385 1431 1478 1500 βίῳ

302 1530 356 1569 10
417 1518 682 1582 πάρεςτιν,
724 1517 913 1587 ἀπόρῳ
955 1519 1431 1584 ςυγκαταγηράςκει
1475 1520 1581 1588 βίῳ.

343 1646 397 1690 fr.
433 1651 517 1690 281
550 1647 606 1690 K.
646 1646 769 1690 Plut.
811 1648 869 1691 de
906 1648 1091 1703 firanqu.
1127 1661 1199 1692 an.
1235 1654 1260 1691 3
1301 1650 1403 1706 (466
1419 1649 1462 1700 δ)
1509 1653 1621 1694 τοὺς
1669 1653 1752 1704 μὲν
1798 1654 1889 1707 γὰρ

196 1723 516 1776 ἀφοριςμένως
549 1723 630 1765 ἕνα
656 1721 754 1775 βίον
787 1723 965 1766 ἄλυπον
989 1722 1264 1776 νομίζοντας
1281 1758 1291 1768 .
1311 1758 1321 1768 .
1342 1759 1350 1767 .
1368 1724 1539 1768 ἱκανῶς
1563 1726 1588 1768 ὁ
1615 1726 1890 1781 Μένανδρος

195 1796 526 1849 ὑπομιμνήςκει
565 1797 735 1848 λέγων·
777 1798 942 1852 ,,ᾦμην
975 1821 1030 1827 —
1063 1798 1346 1841 xaflefibe1v“.
1396 1800 1494 1842 εἶτα
1524 1801 1782 1854 προελθών,
1822 1802 1888 1845 ὡς

196 1872 270 1912 καὶ
315 1870 427 1913 τοὺς
472 1869 718 1913 πλουςίους
766 1871 890 1924 ἑώρα
927 1871 1078 1914 ταύτὰ
1115 1872 1377 1924 πάςχοντας
1413 1878 1510 1915 τοῖς
1548 1874 1737 1927 πένηςιν
1784 1874 1891 1929 ,,ἆρ’

196 1942 329 1997 {cz-W,
361 1942 494 1999 φηςί,
535 1945 778 1998 ,,ςυγγενές
809 1970 864 1975 -
899 1947 1317 1999 ςυγκαταγηράςκει
1350 1946 1477 2002 βίῳ“.
1511 1972 1565 1978 ——
1610 1951 1722 1990 1—7
1757 1946 1884 1991 Stob.

195 2016 314 2059 Flor.
341 2021 411 2070 97,
432 2021 485 2059 13
512 2018 802 2073 Μενάνδρου.
829 2044 883 2051 -
910 2022 935 2061 8
963 2018 1088 2062 Stob.
1116 2018 1236 2062 Flor.
1264 2024 1333 2074 98,
1357 2024 1413 2062 54
1444 2022 1722 2075 Μενάνδρου
1758 2022 1887 2065 Κιθα-

194 2096 336 2147 ριςτῇ,
368 2089 503 2146 Diog.
526 2090 605 2134 La.
623 2090 706 2134 VIl
733 2095 787 2134 68
881 2091 910 2135 5
943 2093 1058 2136 ἀλλὰ
1089 2098 1186 2136 τῶν
1216 2098 1420 2147 πτωχῶν
1452 2095 1555 2138 τινά
1581 2095 1715 2138 codd.
1741 2094 1887 2152 stola„

194 2166 304 2208 τάδε
329 2163 510 2220 scripsi,
542 2166 625 2208 τὸν
649 2167 839 2220 πτωχὸν
866 2167 1010 2219 μόνον
1034 2165 1201 2220 Herw„
1235 2169 1349 2210 ἀλλὰ
1373 2193 1430 2200 --
1454 2169 1556 2211 τινά
1582 2167 1755 2211 delevifi
1777 2168 1884 2211 Hir-

197 2237 328 2294 sohig
422 2238 444 2281 7
478 2243 743 2283 πονοῦντας
775 2238 902 2295 Geel,
933 2244 1186 2284 ποιοῦντας
1218 2240 1349 2284 codd.

1019 2405 1069 2455 2.

342 2521 403 2572 τὸ
444 2521 786 2585 κουφότατόν
828 2539 881 2574 ςε
919 2526 1029 2575 τῶν
1069 2526 1245 2574 κακῶν
1286 2523 1505 2576 πάντων
1546 2525 1725 2576 δάκνει

342 2609 511 2660 πενία.
559 2609 607 2660 τί
647 2610 748 2672 γὰρ
789 2610 931 2661 τοῦτ’
967 2611 1124 2672 ἐςτίν;
1164 2610 1225 2674 ἧς
1266 2611 1459 2672 γένοιτ’
1493 2613 1558 2680 ἂν
1600 2613 1673 2665 εἷς

344 2697 501 2760 φίλος
545 2698 803 2761 βοηθήςας
844 2697 1023 2762 ἰατρὸς
1063 2698 1272 2766 ῥᾳδίως.

343 2825 467 2869 Stob.
502 2824 621 2868 Flor.
657 2830 725 2879 95,
752 2831 775 2868 2
811 2848 865 2862 =
898 2826 951 2870 fr.
980 2831 1063 2870 282
1089 2828 1142 2870 K.
1185 2830 1459 2883 Μενάνδρου
1504 2831 1754 2887 Κιθαριςτῇ.
1808 2844 1879 2874 re-

195 2897 333 2951 spicit
363 2898 484 2943 Plut.
518 2899 575 2942 de
608 2899 762 2955 cupid.
797 2900 926 2944 divit.
955 2907 982 2944 4
1016 2903 1169 2957 (524e)
