2032 3162
202 78 373 124 XXXII
885 78 1224 124 PRAEFATIO

203 220 419 280 sustulit,
459 220 624 268 varias
667 219 901 267 lectiones
943 219 1185 281 ascripsit,
1230 221 1494 283 geminatis
1537 223 1734 283 punctis
1781 238 1890 284 per·

201 307 436 340 sonarum
466 293 767 341 mutationes
807 293 1049 355 distinxit,
1083 296 1133 341 et
1163 290 1455 360 ὑποετιγμῇ
1490 297 1539 343 et
1571 292 1684 345 ἄνω
1710 298 1891 362 ετῑγμῇ

201 368 526 430 interpunxit,
556 383 878 429 personarum
908 369 1054 414 notas
1087 369 1136 414 et
1166 369 1557 431 parepigraphas
1586 371 1782 432 saepius
1808 371 1892 419 ad-

201 440 344 489 didit.
379 440 613 489 Servatus
639 443 714 489 est
738 442 899 488 exitus
924 440 1138 503 fabulae,
1163 457 1322 503 pauca
1345 443 1398 489 in
1414 442 1510 490 fine
1528 443 1719 491 desunt.
1761 444 1893 501 Quot

201 531 371 564 versus
401 516 533 563 inter
562 515 796 562 ultimum
827 515 1034 563 schedae
1057 514 1329 577 Lipsiensis
1363 518 1413 564 et
1442 518 1659 578 primum
1683 518 1892 565 volumi-

201 590 278 637 nis
305 588 671 651 Oxyrhynchici
703 588 864 636 desint
894 605 995 637 non
1027 591 1235 650 constat,
1267 590 1352 637 sed
1382 590 1500 638 licet
1531 593 1751 640 conicere
1786 594 1891 640 100

200 663 281 711 vel
318 663 488 724 paullo
533 663 700 725 plures
741 664 963 727 periisse,
1005 664 1123 724 quia
1155 663 1422 712 secundum
1460 666 1892 714 ratiocinationem

200 736 345 784 modo
377 737 626 799 prolatam
664 736 870 785 ultimus
902 752 1071 785 versus
1103 736 1375 799 Lipsiensis
1406 739 1561 786 totius
1595 739 1792 787 fabulae
1818 742 1892 788 est

201 810 303 858 fere
339 811 459 858 820.

275 884 367 932 His
397 885 681 946 praemissis
715 884 778 932 ad
808 885 1033 932 fabulam
1074 885 1432 934 restituendam
1465 881 1758 954 adeamus.¹)
1814 887 1888 934 De

200 959 345 1006 rebus
372 961 486 1007 ante
511 960 635 1006 actis
662 959 711 1005 et
734 959 969 1022 prologus
994 959 1329 1023 Ignorationis
1356 952 1410 1025 (1
1425 954 1586 1027 —51)
1615 962 1663 1008 et
1687 961 1892 1009 Pataeci

200 1034 421 1080 narratio
463 1026 596 1098 (370
623 1026 753 1100 sqq.)
794 1048 882 1080 nos
916 1034 1148 1081 certiores
1180 1034 1315 1080 facit.
1370 1033 1582 1082 Pataeco
1625 1037 1891 1084 mercatori

202 1105 460 1154 Corinthio
477 1122 600 1155 uxor
614 1108 810 1168 peperit
832 1107 1011 1155 liberos
1032 1109 1267 1171 geminos,
1291 1107 1451 1155 filium
1474 1108 1741 1171 filiamque,
1768 1125 1889 1170 quos

199 1196 289 1242 per
313 1196 513 1230 servum
545 1181 854 1242 exponendos
880 1183 1076 1229 curavit
1106 1184 1261 1243 pater,
1296 1183 1416 1243 quia
1448 1182 1656 1231 adversa
1686 1183 1889 1231 fortuna

202 1255 462 1316 acciderat,
492 1257 550 1302 ut
574 1255 723 1302 simul
747 1257 797 1303 et
819 1257 979 1302 mater
1002 1256 1276 1303 infantium
1299 1259 1449 1317 partu
1473 1257 1710 1306 exhausta
1733 1273 1888 1305 more-

199 1331 337 1376 retur
383 1331 432 1376 et
469 1330 627 1389 navis,
664 1330 719 1376 in
761 1345 860 1390 qua
890 1329 1095 1378 Pataeci
1127 1329 1332 1378 divitiae
1363 1331 1557 1392 positae
1591 1333 1745 1393 erant,
1778 1331 1888 1379 sub-

199 1418 360 1451 mersa
393 1418 497 1451 esse
540 1404 586 1450 ei
627 1397 996 1469 nuntiaretur2)
1039 1397 1171 1470 (370
1195 1397 1339 1470 sqq).
1386 1404 1609 1452 Infantes
1641 1406 1889 1467 expositos

199 1478 493 1525 muliercula
523 1477 766 1538 quaedam
797 1479 1032 1539 repperit,
1077 1493 1202 1539 quae
1234 1479 1455 1539 puellam
1487 1479 1729 1540 educavit,
1769 1496 1887 1541 pue-

199 1568 311 1598 rum
354 1551 604 1613 Myrrinae
646 1553 903 1598 matronae
943 1551 1090 1599 diviti
1125 1551 1285 1598 filium
1325 1552 1624 1600 desideranti
1664 1553 1885 1600 tradidit.

200 1623 411 1687 Aliquot
445 1626 585 1673 annis
617 1627 730 1686 post
763 1626 958 1673 anicula
990 1625 1080 1673 illa
1119 1641 1309 1687 pauper
1346 1626 1650 1687 temporibus
1689 1626 1886 1675 bellico-

201 1698 267 1746 sis
307 1700 527 1761 graviter
572 1714 807 1761 oppressa
851 1697 1111 1760 Glyceram
1160 1699 1385 1747 adultam
1430 1702 1687 1761 tamquam
1728 1703 1887 1762 ipsius

199 1771 355 1819 filiam
385 1773 643 1820 Polemoni
684 1773 837 1820 militi
878 1775 1080 1821 natione
1115 1772 1371 1823 Corinthio
1413 1774 1736 1822 concubinam
1778 1791 1887 1836 per-

199 1848 352 1907 misit,
383 1849 505 1907 tum,
539 1862 650 1895 cum
682 1846 811 1894 diem
836 1862 1120 1908 supremum
1144 1847 1410 1895 instantem
1439 1850 1657 1910 sentiret,
1691 1850 1887 1910 puellae

199 1921 356 1981 ipsius
390 1923 631 1983 originem
664 1922 930 1982 fratrisque
963 1921 1261 1969 Moschionis
1295 1922 1635 1970 condicionem
1677 1924 1885 1984 aperuit,

199 1995 370 2056 paullo
395 1998 507 2057 post
530 1995 742 2042 moritur
767 1987 998 2061 (1—25).
1030 1995 1166 2043 Haec
1190 1997 1357 2043 omnia
1380 1997 1701 2058 fabulamque
1725 1998 1887 2058 ipsam

201 2066 442 2129 Corinthi,
473 2085 568 2116 non
596 2069 804 2116 Athenis
838 2071 920 2132 agi
956 2085 980 2116 e
1006 2069 1225 2117 versibus
1261 2070 1386 2117 5—9
1414 2085 1522 2117 mea
1549 2070 1748 2131 quidem
1780 2086 1884 2119 sen-

198 2144 358 2189 tentia
399 2145 527 2190 certe
568 2145 893 2205 cognoscitur.
959 2141 1055 2189 Cur
1092 2145 1240 2204 poeta
1278 2144 1412 2191 mala
1445 2142 1759 2191 Corinthiaca
1803 2141 1882 2206 (5)

199 2218 566 2275 commemorat,
598 2232 684 2263 cur
714 2217 1029 2264 Polemonem
1058 2215 1369 2264 Corinthium
1402 2233 1502 2264 esse
1533 2220 1761 2278 testatur,
1786 2218 1883 2265 nisi

198 2292 256 2336 ut
290 2290 516 2338 Corinthi
545 2290 665 2337 haec
697 2290 803 2338 fieri
835 2291 1009 2338 doceat
1040 2289 1163 2338 nos?
1217 2291 1417 2338 Polemo
1451 2290 1733 2338 Corinthius
1767 2290 1883 2352 Gly-

200 2378 376 2424 ceram,
409 2365 448 2412 si
474 2364 677 2412 Pataeci
699 2364 1015 2411 Atheniensis
1049 2364 1151 2411 filia
1185 2368 1325 2426 esset,
1358 2367 1556 2413 omnino
1588 2380 1687 2412 non
1717 2365 1884 2426 potuit

198 2438 250 2483 in
282 2437 656 2484 matrimonium
687 2437 872 2485 iustum
904 2438 1081 2485 ducere
1116 2431 1245 2504 (435
1275 2432 1383 2501 sq).
1428 2438 1637 2485 Causam
1670 2440 1711 2485 si
1737 2454 1883 2499 quae-

275 2649 315 2701 1)
346 2648 531 2692 Profero
558 2665 612 2693 ea
637 2665 755 2706 quae
780 2652 897 2694 mihi
922 2655 1049 2695 certa
1074 2653 1146 2696 vel
1170 2652 1434 2708 probabilia
1459 2651 1688 2707 videntur,
1722 2665 1879 2695 omnes

200 2706 404 2749 omnium
448 2709 652 2753 virorum
696 2711 936 2754 doctorum
969 2711 1210 2766 opiniones
1243 2714 1325 2755 aut
1357 2712 1525 2755 referre
1560 2713 1641 2754 aut
1671 2709 1881 2753 refellere

199 2777 291 2806 non
324 2765 460 2810 huius
493 2768 583 2811 loci
617 2770 699 2813 est.
1523 2768 1524 2771 Ἴ

273 2829 316 2878 2)
352 2828 444 2869 Aut
482 2828 672 2870 nuntius
711 2828 856 2871 falsus
889 2829 993 2883 fuit,
1039 2832 1119 2872 aut
1151 2831 1312 2885 postea
1359 2829 1556 2883 divitias]
1586 2827 1878 2882 recuperavit

201 2884 442 2938 Pataecus,·
470 2887 641 2942 quippe
659 2888 740 2941 qui
764 2888 909 2930 filiam
933 2888 985 2930 in
1010 2888 1172 2931 fabula
1195 2888 1343 2931 tribus
1370 2888 1559 2931 talentis
1586 2888 1719 2930 dotat
1743 2889 1877 2942 (437).
