2032 3162
786 154 1128 199 PRAEFATIO
1707 155 1811 198 XHI

780 325 869 372 DE
901 323 1145 372 HEROE.

193 445 388 493 Primae
421 443 620 492 fabulae
658 443 896 491 Lefebvre
927 458 1107 491 nomen
1137 443 1317 491 Herois
1357 443 1561 504 indidit,
1605 445 1722 505 quia
1760 444 1813 491 in

119 535 442 582 personarum
480 517 641 566 indice
681 513 861 578 Ἥρω(
900 514 1023 565 θεός
1047 516 1197 565 tertio
1230 517 1339 566 loco
1363 519 1662 566 nominatur.
1722 516 1812 565 Cui

120 595 430 642 coniecturae
469 591 710 640 nonnulla
755 591 952 639 obstare
999 591 1238 639 editorem
1286 593 1561 654 principem
1608 593 1811 639 minime

121 669 264 732 fugit.
303 667 525 716 Primum
564 665 696 714 enim
734 667 994 726 miramur,
1035 665 1166 727 quod
1196 667 1248 712 in
1282 669 1575 730 argumento
1606 668 1811 714 metrico

119 740 278 790 Heres
317 740 516 789 omnino
555 755 654 788 non
693 741 1128 800 commemoratur,
1173 739 1347 788 deinde
1387 756 1445 787 ex
1484 737 1592 802 ipso
1634 740 1811 789 Herois

119 817 172 863 in
202 830 523 878 personarum
553 814 714 861 indice
752 814 862 862 loco
902 815 1024 862 satis
1065 814 1194 861 clare
1236 816 1469 876 apparet,
1502 814 1604 863 eius
1644 818 1812 876 partes

119 905 219 938 non
250 890 403 937 fuisse
436 888 713 951 primarias,
755 888 840 936 sed
874 904 1000 948 eum,
1042 889 1169 935 sicut
1201 888 1458 951 Ignoratio
1491 891 1543 935 in
1575 888 1813 937 Periciro-

119 979 262 1012 mene
285 963 553 1024 inducitur,
578 965 692 1024 post
715 962 928 1024 primam
954 977 1182 1010 scaenam
1198 963 1394 1026 prologi
1418 963 1602 1010 loco-ea
1622 966 1812 1024 specta-

119 1037 311 1086 toribus
344 1038 611 1099 aperuisse,
645 1052 771 1098 quae
804 1036 864 1084 de
895 1036 1040 1084 rebus
1082 1039 1195 1084 ante
1235 1038 1360 1084 actis
1403 1038 1520 1085 sciri
1550 1040 1699 1099 poeta
1728 1053 1811 1084 vo-

110 1112 230 1159 ·luit.
279 1112 450 1159 Alium
491 1111 776 1172 scrupulum
821 1126 978 1172 nuper
1010 1110 1228 1158 Maccari
1267 1111 1408 1159 nobis
1446 1111 1618 1159 iniecit
1630 1105 1686 1177 ¹),
1728 1113 1814 1172 qui

119 1186 316 1234 nomine
361 1185 540 1234 Herois
595 1185 816 1234 ordinem
871 1184 1241 1246 alphabeticum
1294 1185 1581 1233 fabularum
1628 1185 1810 1233 codicis

118 1259 314 1308 turbari
344 1261 550 1307 monuit.
592 1259 663 1306 At
685 1260 766 1306 hic
798 1259 1057 1320 scrupulus
1090 1259 1236 1306 facile
1270 1260 1514 1320 evellitur,
1546 1276 1663 1307 nam
1693 1275 1808 1321 poe-

119 1336 284 1381 tarum
316 1334 571 1393 editiones,
605 1349 730 1395 quae
763 1349 861 1381 non
885 1349 1053 1381 omnes
1078 1333 1163 1382 sed
1188 1333 1395 1382 selectas
1422 1334 1581 1381 solum
1615 1333 1811 1381 fabulas

121 1409 390 1469 continent,
422 1407 644 1455 ordinem
678 1407 932 1469 alphabeti
957 1422 1153 1455 servare
1178 1423 1277 1455 non
1303 1408 1463 1455 solent
1488 1435 1556 1440 —
1582 1410 1642 1455 ut
1667 1409 1810 1455 omit-

120 1484 227 1530 tam
257 1498 436 1530 nomen
471 1481 667 1529 Samiae
698 1497 798 1529 non
829 1483 992 1529 minus
1025 1482 1266 1530 incertum
1300 1497 1403 1530 esse
1437 1498 1586 1543 quam
1617 1482 1812 1530 Herois.

193 1555 493 1604 Permoleste
516 1555 712 1616 accidit,
746 1556 877 1617 quod
900 1571 1058 1617 neque
1090 1557 1371 1619 fragmenta
1395 1555 1572 1604 Herois
1607 1557 1806 1603 aliunde

121 1632 256 1692 nota,
287 1646 448 1691 neque
480 1631 619 1691 ipsae
649 1630 789 1677 tituli
811 1630 1051 1691 reliquiae
1077 1630 1290 1691 pusillae
1312 1630 1440 1678 hanc
1474 1631 1812 1692 quaestionem

120 1704 268 1766 plane
308 1705 522 1752 solvunt.
570 1704 684 1751 Non
723 1707 888 1766 potest
936 1705 1068 1751 enim
1108 1704 1386 1764 diiudicari,
1434 1706 1574 1752 cuius
1615 1706 1812 1752 litterae

120 1793 235 1840 pars
260 1778 412 1826 fuerit
434 1779 581 1826 hasta
608 1778 851 1840 quaedam
875 1794 1004 1826 nono
1030 1779 1131 1826 fere
1163 1779 1270 1826 loco
1304 1781 1418 1826 ante
1444 1775 1813 1827 ΕΝΑΝΔΡΟΥ

121 1855 333 1914 servata,
363 1869 424 1900 ne
456 1853 508 1899 id
533 1852 740 1915 >quidem
766 1852 961 1912 scimus,
993 1869 1112 1899 num
1138 1854 1265 1900 aliae
1300 1854 1498 1900 litterae
1532 1869 1640 1900 eam
1671 1869 1811 1914 prae-

121 1926 368 1974 cesserint.
409 1926 479 1974 At
510 1929 613 1974 sive
645 1926 742 1974 fuit
768 1923 807 1974 Η
842 1926 960 1987 sive,
994 1927 1124 1989 quod
1149 1927 1316 1974 Riccio
1349 1929 1509 1990 magis
1542 1928 1721 1988 placet,
1758 1924 1809 1988 Ρ,

122 2002 242 2049 satis
268 2001 489 2063 amplum
513 2001 730 2062 spatium
755 2003 901 2048 vacat
927 2002 1057 2048 inter
1080 2002 1284 2048 titulum
1315 2001 1516 2048 fabulae
1550 2004 1599 2048 et
1633 2003 1808 2063 poetae

120 2090 313 2135 nomen,
346 2076 389 2123 si
419 2075 704 2136 supplemus
729 2071 908 2135 ‘'l-lpum
935 2071 1271 2136 Μενάνδρου.
1317 2075 1670 2123 Verumtamen
1710 2091 1809 2123 om-

122 2149 265 2196 nibus
298 2149 549 2210 perpensis
581 2149 833 2196 Lefeburii
859 2150 1165 2196 coniecturae
1192 2149 1457 2199 admodum
1481 2149 1638 2196 faveo.
1681 2150 1811 2196 Nam

121 2222 336 2283 primum
361 2223 559 2284 quidem
584 2223 759 2271 titulos
790 2239 948 2271 novae
981 2223 1260 2271 comoediae
1286 2226 1406 2271 satis
1431 2224 1578 2286 longe
1609 2225 1807 2272 arcessi-

122 2299 199 2344 tos
233 2312 336 2344 esse
370 2298 557 2358 optime
590 2297 940 2358 Epitrepontes
972 2298 1227 2345 illustrant
1260 2323 1332 2329 —
1364 2300 1473 2359 quis
1507 2300 1620 2344 ante
1655 2314 1809 2359 papy-

122 2386 232 2417 rum
256 2373 503 2431 repertam
529 2371 792 2419 crediderit
816 2371 1146 2432 disceptantes
1177 2371 1314 2430 illos,
1351 2387 1379 2418 a
1413 2371 1589 2433 quibus
1625 2388 1810 2419 comoe-

124 2443 207 2491 dia
236 2460 414 2492 nomen
446 2445 599 2505 duxit,
632 2446 781 2492 fuisse
815 2461 979 2492 servos
1005 2461 1116 2493 cum
1139 2445 1340 2493 fabulae
1365 2445 1672 2507 principibus
1698 2446 1808 2493 laxe

124 2532 343 2566 conexos.
384 2518 573 2566 Deinde
604 2520 775 2567 heroes
808 2519 945 2566 1111110
978 2520 1173 2566 1101111110
1215 2520 1384 2567 addito
1429 2522 1482 2566 in
1515 2520 1683 2566 Attica
1716 2535 1813 2567 non

124 2593 229 2638 tam
261 2607 404 2654 saepe
437 2596 712 2653 occurrunt,
745 2595 801 2640 ut
834 2593 1157 2640 Menandrum
1182 2594 1256 2641 bis
1280 2594 1477 2640 heroem
1510 2609 1812 2654 anonymum

124 2665 371 2714 induxisse
403 2666 455 2712 in
488 2683 715 2715 scaenam
747 2667 851 2714 veri
875 2667 1034 2714 simile
1060 2669 1139 2714 sit.
1187 2667 1393 2714 Accedit
1426 2668 1559 2728 quod
1590 2670 1641 2714 in
1668 2683 1811 2729 argu-

124 2742 289 2786 mento
316 2741 519 2787 metrico
544 2743 653 2789 tota
677 2741 847 2788 fabula
870 2743 975 2788 tam
1001 2741 1214 2788 breviter
1239 2744 1287 2788 et
1312 2742 1620 2803 negligenter
1644 2756 1811 2787 narra-

124 2815 220 2873 tur,
252 2815 308 2859 ut
339 2813 515 2862 Herois
540 2817 720 2877 partes,
754 2830 878 2875 quae
912 2814 975 2862 ad
1007 2815 1363 2876 expositionem
1386 2816 1551 2876 potius
1578 2831 1726 2875 quam
1751 2814 1813 2861 ad

203 2971 243 3024 1)
277 2969 393 3012 Berl.
428 2969 593 3012 Philol.
628 2969 789 3013 Woch.
827 2974 939 3012 1909
974 2970 1056 3013 001.
1087 2975 1212 3013 1131.
